<?xml version="1.0" encoding="UTF-8"?>
<!DOCTYPE html PUBLIC "-//W3C//DTD XHTML 1.0 Transitional//EN"
    "http://www.w3.org/TR/xhtml1/DTD/xhtml1-transitional.dtd">
<html xmlns="http://www.w3.org/1999/xhtml" xml:lang="en" lang="en">
 <head>
  <title>
</title>
<meta http-equiv="Content-Type" content="text/html;charset=utf-8" />
  <meta name='ocr-system' content='tesseract 3.04.00' />
  <meta name='ocr-capabilities' content='ocr_page ocr_carea ocr_par ocr_line ocrx_word'/>
</head>
<body>
  <div class='ocr_page' id='page_1' title='image "./theologiadogmat05alexgoog_0263.png"; bbox 0 0 3700 5425; ppageno 0'>
   <div class='ocr_carea' id='block_1_1' title="bbox 406 502 1402 676">
    <p class='ocr_par' dir='ltr' id='par_1_1' title="bbox 406 502 1402 676">
     <span class='ocr_line' id='line_1_1' title="bbox 406 502 1402 676; baseline 0.003 -42"><span class='ocrx_word' id='word_1_1' title='bbox 406 548 497 635; x_wconf 80' lang='lat' dir='ltr'>&#39;De</span> <span class='ocrx_word' id='word_1_2' title='bbox 524 544 791 634; x_wconf 87' lang='lat' dir='ltr'>Sacramento</span> <span class='ocrx_word' id='word_1_3' title='bbox 821 502 1097 676; x_wconf 64' lang='lat' dir='ltr'>Matrimonii</span> <span class='ocrx_word' id='word_1_4' title='bbox 1231 546 1315 645; x_wconf 80' lang='lat' dir='ltr'>ara&#39;</span> <span class='ocrx_word' id='word_1_5' title='bbox 1399 530 1402 535; x_wconf 53' lang='grc'><strong>’</strong></span> 
     </span>
    </p>
   </div>
   <div class='ocr_carea' id='block_1_2' title="bbox 274 702 1434 813">
    <p class='ocr_par' dir='ltr' id='par_1_2' title="bbox 274 702 1434 813">
     <span class='ocr_line' id='line_1_2' title="bbox 274 702 1434 813; baseline -0.011 -13"><span class='ocrx_word' id='word_1_6' title='bbox 274 718 339 800; x_wconf 81' lang='lat' dir='ltr'>iob</span> <span class='ocrx_word' id='word_1_7' title='bbox 358 714 525 813; x_wconf 81' lang='lat' dir='ltr'>Gregorii</span> <span class='ocrx_word' id='word_1_8' title='bbox 540 713 640 809; x_wconf 80' lang='lat' dir='ltr'>Papae</span> <span class='ocrx_word' id='word_1_9' title='bbox 663 716 809 790; x_wconf 85' lang='lat' dir='ltr'>nomine</span> <span class='ocrx_word' id='word_1_10' title='bbox 827 714 993 811; x_wconf 82' lang='lat' dir='ltr'>vulgato,</span> <span class='ocrx_word' id='word_1_11' title='bbox 1017 710 1115 792; x_wconf 90' lang='lat' dir='ltr'>causa</span> <span class='ocrx_word' id='word_1_12' title='bbox 1128 730 1184 807; x_wconf 63' lang='grc' dir='ltr'>ις.</span> <span class='ocrx_word' id='word_1_13' title='bbox 1203 736 1265 811; x_wconf 83' lang='lat' dir='ltr'>qu·</span> <span class='ocrx_word' id='word_1_14' title='bbox 1279 734 1313 797; x_wconf 77' lang='grc' dir='ltr'>ς.</span> <span class='ocrx_word' id='word_1_15' title='bbox 1430 702 1434 709; x_wconf 74' lang='grc'><strong>’</strong></span> 
     </span>
    </p>
   </div>
   <div class='ocr_carea' id='block_1_3' title="bbox 276 811 1317 2599">
    <p class='ocr_par' dir='ltr' id='par_1_3' title="bbox 276 811 1317 2599">
     <span class='ocr_line' id='line_1_3' title="bbox 276 811 1312 915; baseline -0.004 -22"><span class='ocrx_word' id='word_1_16' title='bbox 276 874 338 914; x_wconf 87' lang='lat'>„„</span> <span class='ocrx_word' id='word_1_17' title='bbox 368 820 481 893; x_wconf 78' lang='lat' dir='ltr'>Porro</span> <span class='ocrx_word' id='word_1_18' title='bbox 517 816 561 887; x_wconf 91' lang='lat' dir='ltr'>de</span> <span class='ocrx_word' id='word_1_19' title='bbox 591 811 758 889; x_wconf 87' lang='lat' dir='ltr'>affinitate</span> <span class='ocrx_word' id='word_1_20' title='bbox 779 856 788 887; x_wconf 67' lang='lat'><em>2</em></span> <span class='ocrx_word' id='word_1_21' title='bbox 810 837 916 908; x_wconf 89' lang='lat' dir='ltr'>quam</span> <span class='ocrx_word' id='word_1_22' title='bbox 951 813 1064 890; x_wconf 85' lang='lat' dir='ltr'>dicitis</span> <span class='ocrx_word' id='word_1_23' title='bbox 1099 813 1312 915; x_wconf 69' lang='lat' dir='ltr'>parentelam</span> 
     </span>
     <span class='ocr_line' id='line_1_4' title="bbox 278 913 1314 1012; baseline -0.004 -20"><span class='ocrx_word' id='word_1_24' title='bbox 278 915 370 993; x_wconf 67' lang='lat' dir='ltr'>effe,</span> <span class='ocrx_word' id='word_1_25' title='bbox 393 938 472 1011; x_wconf 85' lang='lat' dir='ltr'>quae</span> <span class='ocrx_word' id='word_1_26' title='bbox 500 914 545 988; x_wconf 91' lang='lat' dir='ltr'>ad</span> <span class='ocrx_word' id='word_1_27' title='bbox 569 917 682 987; x_wconf 89' lang='lat' dir='ltr'>vitum</span> <span class='ocrx_word' id='word_1_28' title='bbox 718 935 763 988; x_wconf 81' lang='lat' dir='ltr'>ex</span> <span class='ocrx_word' id='word_1_29' title='bbox 784 932 880 1006; x_wconf 88' lang='lat' dir='ltr'>parte</span> <span class='ocrx_word' id='word_1_30' title='bbox 908 917 1050 994; x_wconf 80' lang='lat' dir='ltr'>uxoris.</span> <span class='ocrx_word' id='word_1_31' title='bbox 1073 913 1128 989; x_wconf 86' lang='lat' dir='ltr'>seu</span> <span class='ocrx_word' id='word_1_32' title='bbox 1159 936 1238 1012; x_wconf 86' lang='lat' dir='ltr'>quae</span> <span class='ocrx_word' id='word_1_33' title='bbox 1266 932 1314 988; x_wconf 81' lang='lat' dir='ltr'>ex</span> 
     </span>
     <span class='ocr_line' id='line_1_5' title="bbox 281 1010 1314 1114; baseline -0.002 -23"><span class='ocrx_word' id='word_1_34' title='bbox 281 1032 379 1114; x_wconf 88' lang='lat' dir='ltr'>parte</span> <span class='ocrx_word' id='word_1_35' title='bbox 407 1017 468 1089; x_wconf 87' lang='lat' dir='ltr'>viri</span> <span class='ocrx_word' id='word_1_36' title='bbox 490 1014 534 1086; x_wconf 91' lang='lat' dir='ltr'>ad</span> <span class='ocrx_word' id='word_1_37' title='bbox 562 1035 711 1087; x_wconf 85' lang='lat' dir='ltr'>uxorem</span> <span class='ocrx_word' id='word_1_38' title='bbox 740 1016 910 1105; x_wconf 84' lang='lat' dir='ltr'>pertinet,</span> <span class='ocrx_word' id='word_1_39' title='bbox 932 1010 1195 1089; x_wconf 84' lang='lat' dir='ltr'>manifeilillrma</span> <span class='ocrx_word' id='word_1_40' title='bbox 1222 1015 1314 1089; x_wconf 85' lang='lat' dir='ltr'>ratio</span> 
     </span>
     <span class='ocr_line' id='line_1_6' title="bbox 284 1110 1313 1210; baseline -0.007 -18"><span class='ocrx_word' id='word_1_41' title='bbox 284 1116 334 1192; x_wconf 89' lang='lat' dir='ltr'>est</span> <span class='ocrx_word' id='word_1_42' title='bbox 364 1135 374 1193; x_wconf 83' lang='lat' dir='ltr'>t</span> <span class='ocrx_word' id='word_1_43' title='bbox 408 1115 489 1210; x_wconf 90' lang='lat' dir='ltr'>qnia</span> <span class='ocrx_word' id='word_1_44' title='bbox 516 1111 539 1185; x_wconf 88' lang='lat' dir='ltr'>st</span> <span class='ocrx_word' id='word_1_45' title='bbox 566 1113 758 1186; x_wconf 88' lang='lat' dir='ltr'>lecundum</span> <span class='ocrx_word' id='word_1_46' title='bbox 783 1110 936 1185; x_wconf 86' lang='lat' dir='ltr'>divinam</span> <span class='ocrx_word' id='word_1_47' title='bbox 964 1110 1189 1198; x_wconf 81' lang='lat' dir='ltr'>sententiam,</span> <span class='ocrx_word' id='word_1_48' title='bbox 1215 1134 1313 1210; x_wconf 85' lang='lat' dir='ltr'>ego,</span> 
     </span>
     <span class='ocr_line' id='line_1_7' title="bbox 282 1208 1311 1304; baseline -0.001 -14"><span class='ocrx_word' id='word_1_49' title='bbox 282 1218 318 1290; x_wconf 79' lang='lat' dir='ltr'>dr</span> <span class='ocrx_word' id='word_1_50' title='bbox 345 1236 436 1290; x_wconf 86' lang='lat' dir='ltr'>uxor</span> <span class='ocrx_word' id='word_1_51' title='bbox 454 1236 530 1285; x_wconf 87' lang='lat' dir='ltr'>mea</span> <span class='ocrx_word' id='word_1_52' title='bbox 554 1208 672 1287; x_wconf 88' lang='lat' dir='ltr'>sumus</span> <span class='ocrx_word' id='word_1_53' title='bbox 689 1233 875 1293; x_wconf 88' lang='lat' dir='ltr'>unacaro,</span> <span class='ocrx_word' id='word_1_54' title='bbox 898 1210 1057 1304; x_wconf 73' lang='lat' dir='ltr'>prosette</span> <span class='ocrx_word' id='word_1_55' title='bbox 1080 1211 1239 1293; x_wconf 84' lang='lat' dir='ltr'>mihi.&amp;</span> <span class='ocrx_word' id='word_1_56' title='bbox 1261 1210 1311 1289; x_wconf 88' lang='lat' dir='ltr'>illi</span> 
     </span>
     <span class='ocr_line' id='line_1_8' title="bbox 279 1307 1311 1408; baseline -0.008 -19"><span class='ocrx_word' id='word_1_57' title='bbox 279 1337 355 1389; x_wconf 87' lang='lat' dir='ltr'>mea</span> <span class='ocrx_word' id='word_1_58' title='bbox 374 1363 385 1396; x_wconf 89' lang='lat'><strong>,</strong></span> <span class='ocrx_word' id='word_1_59' title='bbox 404 1311 534 1408; x_wconf 88' lang='lat' dir='ltr'>suaque</span> <span class='ocrx_word' id='word_1_60' title='bbox 567 1309 742 1405; x_wconf 77' lang='lat' dir='ltr'>parentela</span> <span class='ocrx_word' id='word_1_61' title='bbox 776 1312 1120 1408; x_wconf 77' lang='lat' dir='ltr'>propinquitatum</span> <span class='ocrx_word' id='word_1_62' title='bbox 1149 1307 1311 1387; x_wconf 78' lang='lat' dir='ltr'>efficitur·</span> 
     </span>
     <span class='ocr_line' id='line_1_9' title="bbox 278 1408 1310 1506; baseline -0.004 -18"><span class='ocrx_word' id='word_1_63' title='bbox 278 1414 459 1506; x_wconf 85' lang='lat' dir='ltr'>Quocirca</span> <span class='ocrx_word' id='word_1_64' title='bbox 480 1433 573 1503; x_wconf 77' lang='lat' dir='ltr'>ego,</span> <span class='ocrx_word' id='word_1_65' title='bbox 594 1408 743 1484; x_wconf 81' lang='lat' dir='ltr'>&amp;lotor</span> <span class='ocrx_word' id='word_1_66' title='bbox 763 1412 884 1484; x_wconf 82' lang='lat' dir='ltr'>uxoris</span> <span class='ocrx_word' id='word_1_67' title='bbox 902 1431 990 1485; x_wconf 80' lang='lat' dir='ltr'>meae</span> <span class='ocrx_word' id='word_1_68' title='bbox 1013 1412 1049 1483; x_wconf 93' lang='lat' dir='ltr'>in</span> <span class='ocrx_word' id='word_1_69' title='bbox 1071 1432 1168 1497; x_wconf 89' lang='lat' dir='ltr'>uno,</span> <span class='ocrx_word' id='word_1_70' title='bbox 1186 1411 1223 1486; x_wconf 84' lang='lat' dir='ltr'>dr</span> <span class='ocrx_word' id='word_1_71' title='bbox 1240 1411 1310 1506; x_wconf 89' lang='lat' dir='ltr'>pri·</span> 
     </span>
     <span class='ocr_line' id='line_1_10' title="bbox 277 1506 1310 1607; baseline -0.002 -20"><span class='ocrx_word' id='word_1_72' title='bbox 277 1537 341 1587; x_wconf 92' lang='lat' dir='ltr'>mo</span> <span class='ocrx_word' id='word_1_73' title='bbox 360 1511 472 1607; x_wconf 75' lang='lat' dir='ltr'>gradu</span> <span class='ocrx_word' id='word_1_74' title='bbox 496 1521 646 1597; x_wconf 81' lang='lat' dir='ltr'>enmus3</span> <span class='ocrx_word' id='word_1_75' title='bbox 665 1506 755 1582; x_wconf 86' lang='lat' dir='ltr'>lilius</span> <span class='ocrx_word' id='word_1_76' title='bbox 777 1530 862 1582; x_wconf 85' lang='lat' dir='ltr'>vero</span> <span class='ocrx_word' id='word_1_77' title='bbox 875 1509 948 1599; x_wconf 84' lang='lat' dir='ltr'>ejus</span> <span class='ocrx_word' id='word_1_78' title='bbox 970 1509 1005 1581; x_wconf 90' lang='lat' dir='ltr'>in</span> <span class='ocrx_word' id='word_1_79' title='bbox 1023 1507 1181 1585; x_wconf 80' lang='lat' dir='ltr'>secondo</span> <span class='ocrx_word' id='word_1_80' title='bbox 1194 1508 1310 1605; x_wconf 77' lang='lat' dir='ltr'>gradu</span> 
     </span>
     <span class='ocr_line' id='line_1_11' title="bbox 277 1607 1311 1705; baseline -0.005 -19"><span class='ocrx_word' id='word_1_81' title='bbox 277 1617 343 1686; x_wconf 90' lang='lat' dir='ltr'>etit</span> <span class='ocrx_word' id='word_1_82' title='bbox 366 1629 482 1689; x_wconf 68' lang='lat' dir='ltr'>ames</span> <span class='ocrx_word' id='word_1_83' title='bbox 507 1613 620 1701; x_wconf 89' lang='lat' dir='ltr'>neptis</span> <span class='ocrx_word' id='word_1_84' title='bbox 646 1631 729 1681; x_wconf 84' lang='lat' dir='ltr'>vero</span> <span class='ocrx_word' id='word_1_85' title='bbox 748 1608 783 1681; x_wconf 92' lang='lat' dir='ltr'>in</span> <span class='ocrx_word' id='word_1_86' title='bbox 805 1610 936 1697; x_wconf 92' lang='lat' dir='ltr'>tertio;</span> <span class='ocrx_word' id='word_1_87' title='bbox 958 1607 1065 1704; x_wconf 88' lang='lat' dir='ltr'>idque</span> <span class='ocrx_word' id='word_1_88' title='bbox 1083 1611 1246 1705; x_wconf 89' lang='lat' dir='ltr'>utrinque</span> <span class='ocrx_word' id='word_1_89' title='bbox 1272 1610 1311 1682; x_wconf 91' lang='lat' dir='ltr'>in</span> 
     </span>
     <span class='ocr_line' id='line_1_12' title="bbox 276 1696 1314 1804; baseline -0.003 -18"><span class='ocrx_word' id='word_1_90' title='bbox 276 1713 410 1786; x_wconf 86' lang='lat' dir='ltr'>caeteris</span> <span class='ocrx_word' id='word_1_91' title='bbox 442 1709 619 1804; x_wconf 86' lang='lat' dir='ltr'>agendum</span> <span class='ocrx_word' id='word_1_92' title='bbox 643 1707 691 1781; x_wconf 90' lang='lat' dir='ltr'>est</span> <span class='ocrx_word' id='word_1_93' title='bbox 716 1696 995 1782; x_wconf 78' lang='lat' dir='ltr'>lucceffiouibut·</span> <span class='ocrx_word' id='word_1_94' title='bbox 1031 1705 1192 1782; x_wconf 85' lang='lat' dir='ltr'>Uxorem</span> <span class='ocrx_word' id='word_1_95' title='bbox 1227 1728 1314 1783; x_wconf 87' lang='lat' dir='ltr'>vero</span> 
     </span>
     <span class='ocr_line' id='line_1_13' title="bbox 279 1803 1313 1905; baseline -0.002 -22"><span class='ocrx_word' id='word_1_96' title='bbox 279 1814 472 1904; x_wconf 88' lang='lat' dir='ltr'>propinqui</span> <span class='ocrx_word' id='word_1_97' title='bbox 487 1813 554 1880; x_wconf 90' lang='lat' dir='ltr'>mei</span> <span class='ocrx_word' id='word_1_98' title='bbox 567 1854 577 1884; x_wconf 83' lang='lat'>‚</span> <span class='ocrx_word' id='word_1_99' title='bbox 589 1804 832 1902; x_wconf 82' lang='lat' dir='ltr'>cujnt&#39;cunqne</span> <span class='ocrx_word' id='word_1_100' title='bbox 844 1808 973 1901; x_wconf 84' lang='lat' dir='ltr'>gradus</span> <span class='ocrx_word' id='word_1_101' title='bbox 985 1803 1045 1892; x_wconf 77' lang='lat' dir='ltr'>fit,</span> <span class='ocrx_word' id='word_1_102' title='bbox 1062 1808 1109 1881; x_wconf 86' lang='lat' dir='ltr'>ita</span> <span class='ocrx_word' id='word_1_103' title='bbox 1127 1830 1185 1881; x_wconf 91' lang='lat' dir='ltr'>me</span> <span class='ocrx_word' id='word_1_104' title='bbox 1202 1828 1313 1905; x_wconf 90' lang='lat' dir='ltr'>opor·</span> 
     </span>
     <span class='ocr_line' id='line_1_14' title="bbox 280 1903 1313 2006; baseline -0.001 -24"><span class='ocrx_word' id='word_1_105' title='bbox 280 1923 332 1982; x_wconf 90' lang='lat' dir='ltr'>tet</span> <span class='ocrx_word' id='word_1_106' title='bbox 353 1908 558 1992; x_wconf 90' lang='lat' dir='ltr'>attendere,</span> <span class='ocrx_word' id='word_1_107' title='bbox 576 1906 880 2003; x_wconf 82' lang='lat' dir='ltr'>quemadmodum</span> <span class='ocrx_word' id='word_1_108' title='bbox 900 1903 1005 1999; x_wconf 85' lang='lat' dir='ltr'>ipfius</span> <span class='ocrx_word' id='word_1_109' title='bbox 1025 1928 1171 2006; x_wconf 91' lang='lat' dir='ltr'>quoque</span> <span class='ocrx_word' id='word_1_110' title='bbox 1183 1908 1313 2004; x_wconf 74' lang='lat' dir='ltr'>gradus</span> 
     </span>
     <span class='ocr_line' id='line_1_15' title="bbox 283 2004 1314 2101; baseline -0.002 -19"><span class='ocrx_word' id='word_1_111' title='bbox 283 2006 398 2101; x_wconf 88' lang='lat' dir='ltr'>aliqua</span> <span class='ocrx_word' id='word_1_112' title='bbox 421 2006 548 2079; x_wconf 83' lang='lat' dir='ltr'>lentina</span> <span class='ocrx_word' id='word_1_113' title='bbox 573 2007 724 2101; x_wconf 80' lang='lat' dir='ltr'>propriae</span> <span class='ocrx_word' id='word_1_114' title='bbox 748 2007 1019 2099; x_wconf 86' lang='lat' dir='ltr'>propinquitatis</span> <span class='ocrx_word' id='word_1_115' title='bbox 1044 2004 1095 2081; x_wconf 86' lang='lat' dir='ltr'>stt.</span> <span class='ocrx_word' id='word_1_116' title='bbox 1123 2004 1237 2098; x_wconf 81' lang='lat' dir='ltr'>ond</span> <span class='ocrx_word' id='word_1_117' title='bbox 1260 2006 1314 2080; x_wconf 88' lang='lat' dir='ltr'>ni-</span> 
     </span>
     <span class='ocr_line' id='line_1_16' title="bbox 282 2102 1314 2199; baseline 0.001 -19"><span class='ocrx_word' id='word_1_118' title='bbox 282 2110 412 2181; x_wconf 90' lang='lat' dir='ltr'>mirum</span> <span class='ocrx_word' id='word_1_119' title='bbox 441 2106 544 2180; x_wconf 85' lang='lat' dir='ltr'>uxori</span> <span class='ocrx_word' id='word_1_120' title='bbox 570 2106 614 2177; x_wconf 91' lang='lat' dir='ltr'>de</span> <span class='ocrx_word' id='word_1_121' title='bbox 651 2107 913 2199; x_wconf 86' lang='lat' dir='ltr'>propinquitate</span> <span class='ocrx_word' id='word_1_122' title='bbox 940 2107 1002 2178; x_wconf 80' lang='lat' dir='ltr'>tiri</span> <span class='ocrx_word' id='word_1_123' title='bbox 1033 2104 1082 2180; x_wconf 88' lang='lat' dir='ltr'>lui</span> <span class='ocrx_word' id='word_1_124' title='bbox 1116 2106 1152 2179; x_wconf 91' lang='lat' dir='ltr'>in</span> <span class='ocrx_word' id='word_1_125' title='bbox 1178 2102 1314 2183; x_wconf 74' lang='lat' dir='ltr'>constit</span> 
     </span>
     <span class='ocr_line' id='line_1_17' title="bbox 285 2201 1315 2300; baseline 0.001 -20"><span class='ocrx_word' id='word_1_126' title='bbox 285 2204 508 2299; x_wconf 85' lang='lat' dir='ltr'>cognationis</span> <span class='ocrx_word' id='word_1_127' title='bbox 530 2205 695 2300; x_wconf 84' lang='lat' dir='ltr'>gradibus</span> <span class='ocrx_word' id='word_1_128' title='bbox 720 2206 889 2277; x_wconf 85' lang='lat' dir='ltr'>convenit</span> <span class='ocrx_word' id='word_1_129' title='bbox 909 2201 1093 2279; x_wconf 84' lang='lat' dir='ltr'>observari.</span> <span class='ocrx_word' id='word_1_130' title='bbox 1131 2204 1207 2295; x_wconf 86' lang='lat' dir='ltr'>Qui</span> <span class='ocrx_word' id='word_1_131' title='bbox 1228 2222 1315 2281; x_wconf 82' lang='lat' dir='ltr'>vero</span> 
     </span>
     <span class='ocr_line' id='line_1_18' title="bbox 280 2301 1314 2400; baseline 0.004 -23"><span class='ocrx_word' id='word_1_132' title='bbox 280 2304 411 2399; x_wconf 80' lang='lat' dir='ltr'>alioqui</span> <span class='ocrx_word' id='word_1_133' title='bbox 442 2302 616 2376; x_wconf 72' lang='lat' dir='ltr'>sentiunt,</span> <span class='ocrx_word' id='word_1_134' title='bbox 641 2301 843 2378; x_wconf 84' lang='lat' dir='ltr'>ilntithrilli</span> <span class='ocrx_word' id='word_1_135' title='bbox 868 2301 946 2377; x_wconf 85' lang='lat' dir='ltr'>lunt</span> <span class='ocrx_word' id='word_1_136' title='bbox 972 2321 984 2390; x_wconf 80' lang='lat'>3</span> <span class='ocrx_word' id='word_1_137' title='bbox 1009 2326 1029 2377; x_wconf 88' lang='lat' dir='ltr'>a</span> <span class='ocrx_word' id='word_1_138' title='bbox 1052 2304 1180 2400; x_wconf 83' lang='lat' dir='ltr'>quibus</span> <span class='ocrx_word' id='word_1_139' title='bbox 1212 2320 1314 2380; x_wconf 86' lang='lat' dir='ltr'>tanto</span> 
     </span>
     <span class='ocr_line' id='line_1_19' title="bbox 282 2402 1317 2503; baseline 0.003 -26"><span class='ocrx_word' id='word_1_140' title='bbox 282 2403 406 2478; x_wconf 84' lang='lat' dir='ltr'>fortius</span> <span class='ocrx_word' id='word_1_141' title='bbox 427 2424 493 2475; x_wconf 84' lang='lat' dir='ltr'>vos</span> <span class='ocrx_word' id='word_1_142' title='bbox 519 2414 666 2495; x_wconf 84' lang='lat' dir='ltr'>oportet</span> <span class='ocrx_word' id='word_1_143' title='bbox 692 2423 839 2485; x_wconf 87' lang='lat' dir='ltr'>cavere,</span> <span class='ocrx_word' id='word_1_144' title='bbox 860 2414 997 2498; x_wconf 88' lang='lat' dir='ltr'>quanto</span> <span class='ocrx_word' id='word_1_145' title='bbox 1015 2405 1168 2499; x_wconf 74' lang='lat' dir='ltr'>apertius</span> <span class='ocrx_word' id='word_1_146' title='bbox 1191 2402 1317 2503; x_wconf 79' lang='lat' dir='ltr'>depre-</span> 
     </span>
     <span class='ocr_line' id='line_1_20' title="bbox 284 2500 1152 2599; baseline 0.007 -22"><span class='ocrx_word' id='word_1_147' title='bbox 284 2502 433 2577; x_wconf 83' lang='lat' dir='ltr'>henditis</span> <span class='ocrx_word' id='word_1_148' title='bbox 452 2500 531 2575; x_wconf 78' lang='lat' dir='ltr'>illos</span> <span class='ocrx_word' id='word_1_149' title='bbox 553 2502 676 2577; x_wconf 88' lang='lat' dir='ltr'>divinis</span> <span class='ocrx_word' id='word_1_150' title='bbox 701 2501 838 2597; x_wconf 87' lang='lat' dir='ltr'>legibus</span> <span class='ocrx_word' id='word_1_151' title='bbox 860 2521 1057 2599; x_wconf 85' lang='lat' dir='ltr'>repugnare</span> <span class='ocrx_word' id='word_1_152' title='bbox 1081 2552 1152 2596; x_wconf 77' lang='lat'>,‚„.</span> 
     </span>
    </p>
   </div>
   <div class='ocr_carea' id='block_1_4' title="bbox 591 2664 1253 2772">
    <p class='ocr_par' dir='ltr' id='par_1_4' title="bbox 591 2664 1253 2772">
     <span class='ocr_line' id='line_1_21' title="bbox 591 2664 1253 2772; baseline -0.003 -4"><span class='ocrx_word' id='word_1_153' title='bbox 591 2681 1034 2772; x_wconf 69' lang='lat' dir='ltr'>Rtoutr1m</span> <span class='ocrx_word' id='word_1_154' title='bbox 1221 2664 1253 2742; x_wconf 80' lang='lat'><em>0</em></span> 
     </span>
    </p>
   </div>
   <div class='ocr_carea' id='block_1_5' title="bbox 284 2841 1402 3340">
    <p class='ocr_par' dir='ltr' id='par_1_5' title="bbox 284 2841 1402 3223">
     <span class='ocr_line' id='line_1_22' title="bbox 287 2841 1318 2940; baseline 0.003 -17"><span class='ocrx_word' id='word_1_155' title='bbox 287 2842 385 2923; x_wconf 91' lang='lat' dir='ltr'>Inter</span> <span class='ocrx_word' id='word_1_156' title='bbox 402 2842 686 2940; x_wconf 86' lang='lat' dir='ltr'>consanguineos</span> <span class='ocrx_word' id='word_1_157' title='bbox 708 2852 852 2933; x_wconf 89' lang='lat' dir='ltr'>uxoris,</span> <span class='ocrx_word' id='word_1_158' title='bbox 870 2849 905 2923; x_wconf 70' lang='grc' dir='ltr'><strong>ἃ</strong></span> <span class='ocrx_word' id='word_1_159' title='bbox 922 2848 986 2923; x_wconf 77' lang='lat' dir='ltr'>tiri</span> <span class='ocrx_word' id='word_1_160' title='bbox 1014 2843 1109 2923; x_wconf 88' lang='lat' dir='ltr'>nulla</span> <span class='ocrx_word' id='word_1_161' title='bbox 1132 2841 1318 2928; x_wconf 83' lang='lat' dir='ltr'>intercedit</span> 
     </span>
     <span class='ocr_line' id='line_1_23' title="bbox 284 2940 1402 3052; baseline 0.005 -35"><span class='ocrx_word' id='word_1_162' title='bbox 284 2947 288 2956; x_wconf 87' lang='lat'>&#39;</span> <span class='ocrx_word' id='word_1_163' title='bbox 332 2940 655 3038; x_wconf 87' lang='lat' dir='ltr'>affinitas,propter</span> <span class='ocrx_word' id='word_1_164' title='bbox 675 2968 782 3041; x_wconf 89' lang='lat' dir='ltr'>quam</span> <span class='ocrx_word' id='word_1_165' title='bbox 796 2953 884 3022; x_wconf 91' lang='lat' dir='ltr'>inter</span> <span class='ocrx_word' id='word_1_166' title='bbox 896 2971 957 3024; x_wconf 87' lang='lat' dir='ltr'>eos</span> <span class='ocrx_word' id='word_1_167' title='bbox 979 2948 1244 3023; x_wconf 89' lang='lat' dir='ltr'>matrimonium</span> <span class='ocrx_word' id='word_1_168' title='bbox 1256 2947 1318 3022; x_wconf 86' lang='lat' dir='ltr'>de-</span> <span class='ocrx_word' id='word_1_169' title='bbox 1399 3041 1402 3052; x_wconf 90' lang='lat'><em>.</em></span> 
     </span>
     <span class='ocr_line' id='line_1_24' title="bbox 335 3043 1316 3140; baseline 0.006 -25"><span class='ocrx_word' id='word_1_170' title='bbox 335 3046 415 3116; x_wconf 87' lang='lat' dir='ltr'>beat</span> <span class='ocrx_word' id='word_1_171' title='bbox 436 3045 605 3133; x_wconf 84' lang='lat' dir='ltr'>impediri.</span> <span class='ocrx_word' id='word_1_172' title='bbox 634 3043 754 3137; x_wconf 88' lang='lat' dir='ltr'>Quare</span> <span class='ocrx_word' id='word_1_173' title='bbox 766 3065 888 3140; x_wconf 87' lang='lat' dir='ltr'>pater,</span> <span class='ocrx_word' id='word_1_174' title='bbox 911 3049 948 3121; x_wconf 78' lang='lat' dir='ltr'>dt</span> <span class='ocrx_word' id='word_1_175' title='bbox 966 3045 1054 3121; x_wconf 85' lang='lat' dir='ltr'>iilius</span> <span class='ocrx_word' id='word_1_176' title='bbox 1078 3069 1161 3122; x_wconf 91' lang='lat' dir='ltr'>cum</span> <span class='ocrx_word' id='word_1_177' title='bbox 1185 3065 1316 3134; x_wconf 89' lang='lat' dir='ltr'>matre,</span> 
     </span>
     <span class='ocr_line' id='line_1_25' title="bbox 330 3142 1316 3223; baseline 0.004 -7"><span class='ocrx_word' id='word_1_178' title='bbox 330 3142 600 3222; x_wconf 84' lang='lat' dir='ltr'>&amp;lilia‚&amp;doo</span> <span class='ocrx_word' id='word_1_179' title='bbox 612 3145 731 3219; x_wconf 83' lang='lat' dir='ltr'>fratres</span> <span class='ocrx_word' id='word_1_180' title='bbox 742 3169 825 3221; x_wconf 93' lang='lat' dir='ltr'>cum</span> <span class='ocrx_word' id='word_1_181' title='bbox 838 3144 972 3221; x_wconf 87' lang='lat' dir='ltr'>duabus</span> <span class='ocrx_word' id='word_1_182' title='bbox 990 3143 1166 3222; x_wconf 85' lang='lat' dir='ltr'>sororibus</span> <span class='ocrx_word' id='word_1_183' title='bbox 1198 3143 1316 3223; x_wconf 89' lang='lat' dir='ltr'>matti-</span> 
     </span>
    </p>

    <p class='ocr_par' dir='ltr' id='par_1_6' title="bbox 332 3239 1068 3340">
     <span class='ocr_line' id='line_1_26' title="bbox 332 3239 1068 3340; baseline -0.001 -24"><span class='ocrx_word' id='word_1_184' title='bbox 332 3243 495 3319; x_wconf 89' lang='lat' dir='ltr'>monium</span> <span class='ocrx_word' id='word_1_185' title='bbox 505 3245 661 3337; x_wconf 78' lang='lat' dir='ltr'>legitime</span> <span class='ocrx_word' id='word_1_186' title='bbox 681 3245 890 3319; x_wconf 86' lang='lat' dir='ltr'>contrahere</span> <span class='ocrx_word' id='word_1_187' title='bbox 913 3239 1068 3340; x_wconf 74' lang='lat' dir='ltr'>poliunt.</span> 
     </span>
    </p>
   </div>
   <div class='ocr_carea' id='block_1_6' title="bbox 278 3394 1419 4665">
    <p class='ocr_par' dir='ltr' id='par_1_7' title="bbox 278 3394 1419 4665">
     <span class='ocr_line' id='line_1_27' title="bbox 331 3394 1316 3498; baseline -0.006 -26"><span class='ocrx_word' id='word_1_188' title='bbox 331 3413 364 3472; x_wconf 89' lang='lat' dir='ltr'>ta</span> <span class='ocrx_word' id='word_1_189' title='bbox 387 3398 537 3474; x_wconf 83' lang='lat' dir='ltr'>declarat</span> <span class='ocrx_word' id='word_1_190' title='bbox 547 3402 712 3469; x_wconf 85' lang='lat' dir='ltr'>Innocent.</span> <span class='ocrx_word' id='word_1_191' title='bbox 725 3405 790 3475; x_wconf 86' lang='grc' dir='ltr'><em>ΙΙΙ.</em></span> <span class='ocrx_word' id='word_1_192' title='bbox 808 3423 884 3498; x_wconf 88' lang='lat' dir='ltr'>cap.</span> <span class='ocrx_word' id='word_1_193' title='bbox 897 3399 1005 3494; x_wconf 62' lang='lat' dir='ltr'>,Quod</span> <span class='ocrx_word' id='word_1_194' title='bbox 1013 3398 1109 3493; x_wconf 76' lang='lat' dir='ltr'>super</span> <span class='ocrx_word' id='word_1_195' title='bbox 1135 3400 1187 3469; x_wconf 85' lang='lat' dir='ltr'>lris</span> <span class='ocrx_word' id='word_1_196' title='bbox 1204 3447 1215 3481; x_wconf 88' lang='lat'><strong>,</strong></span> <span class='ocrx_word' id='word_1_197' title='bbox 1235 3394 1316 3480; x_wconf 68' lang='lat' dir='ltr'>Exi.</span> 
     </span>
     <span class='ocr_line' id='line_1_28' title="bbox 343 3481 1419 3591; baseline 0.007 -25"><span class='ocrx_word' id='word_1_198' title='bbox 343 3499 397 3566; x_wconf 85' lang='lat' dir='ltr'>De</span> <span class='ocrx_word' id='word_1_199' title='bbox 409 3503 711 3588; x_wconf 72' lang='lat' dir='ltr'>(onlarrgutnt&#39;tate‚</span> <span class='ocrx_word' id='word_1_200' title='bbox 726 3505 767 3571; x_wconf 59' lang='grc' dir='ltr'>(θ’</span> <span class='ocrx_word' id='word_1_201' title='bbox 781 3499 959 3589; x_wconf 70' lang='lat' dir='ltr'>affinitate,</span> <span class='ocrx_word' id='word_1_202' title='bbox 973 3481 1143 3576; x_wconf 62' lang='lat' dir='ltr'>scribens:</span> <span class='ocrx_word' id='word_1_203' title='bbox 1164 3547 1185 3590; x_wconf 61' lang='lat'>,5</span> <span class='ocrx_word' id='word_1_204' title='bbox 1200 3555 1220 3591; x_wconf 86' lang='lat'>„</span> <span class='ocrx_word' id='word_1_205' title='bbox 1248 3499 1315 3575; x_wconf 81' lang='lat' dir='ltr'>Su·</span> <span class='ocrx_word' id='word_1_206' title='bbox 1415 3541 1419 3550; x_wconf 64' lang='lat'><strong><em>¹</em></strong></span> 
     </span>
     <span class='ocr_line' id='line_1_29' title="bbox 282 3599 1314 3696; baseline 0.004 -26"><span class='ocrx_word' id='word_1_207' title='bbox 282 3621 346 3693; x_wconf 89' lang='lat' dir='ltr'>per</span> <span class='ocrx_word' id='word_1_208' title='bbox 368 3620 412 3669; x_wconf 88' lang='lat' dir='ltr'>eo</span> <span class='ocrx_word' id='word_1_209' title='bbox 433 3601 558 3690; x_wconf 86' lang='lat' dir='ltr'>igitur,</span> <span class='ocrx_word' id='word_1_210' title='bbox 579 3601 678 3696; x_wconf 91' lang='lat' dir='ltr'>quod</span> <span class='ocrx_word' id='word_1_211' title='bbox 692 3620 813 3696; x_wconf 90' lang='lat' dir='ltr'>pater,</span> <span class='ocrx_word' id='word_1_212' title='bbox 837 3602 872 3674; x_wconf 69' lang='grc' dir='ltr'>ἃ</span> <span class='ocrx_word' id='word_1_213' title='bbox 895 3599 985 3677; x_wconf 86' lang='lat' dir='ltr'>filius</span> <span class='ocrx_word' id='word_1_214' title='bbox 1004 3623 1087 3678; x_wconf 91' lang='lat' dir='ltr'>cum</span> <span class='ocrx_word' id='word_1_215' title='bbox 1115 3619 1250 3684; x_wconf 86' lang='lat' dir='ltr'>matre,</span> <span class='ocrx_word' id='word_1_216' title='bbox 1276 3599 1314 3674; x_wconf 81' lang='lat' dir='ltr'>dt</span> 
     </span>
     <span class='ocr_line' id='line_1_30' title="bbox 281 3696 1315 3794; baseline 0.004 -24"><span class='ocrx_word' id='word_1_217' title='bbox 281 3696 369 3770; x_wconf 77' lang='lat' dir='ltr'>iilia,</span> <span class='ocrx_word' id='word_1_218' title='bbox 388 3698 423 3769; x_wconf 82' lang='lat' dir='ltr'>dt</span> <span class='ocrx_word' id='word_1_219' title='bbox 437 3705 511 3773; x_wconf 90' lang='lat' dir='ltr'>duo</span> <span class='ocrx_word' id='word_1_220' title='bbox 531 3704 674 3794; x_wconf 87' lang='lat' dir='ltr'>cognati</span> <span class='ocrx_word' id='word_1_221' title='bbox 695 3724 778 3775; x_wconf 86' lang='lat' dir='ltr'>cum</span> <span class='ocrx_word' id='word_1_222' title='bbox 798 3700 931 3777; x_wconf 85' lang='lat' dir='ltr'>duabus</span> <span class='ocrx_word' id='word_1_223' title='bbox 953 3701 1116 3793; x_wconf 75' lang='lat' dir='ltr'>cognatis</span> <span class='ocrx_word' id='word_1_224' title='bbox 1134 3721 1315 3774; x_wconf 81' lang='lat' dir='ltr'>›aruncu-</span> 
     </span>
     <span class='ocr_line' id='line_1_31' title="bbox 282 3794 1316 3890; baseline -0.005 -21"><span class='ocrx_word' id='word_1_225' title='bbox 282 3794 335 3871; x_wconf 85' lang='lat' dir='ltr'>lua</span> <span class='ocrx_word' id='word_1_226' title='bbox 350 3850 359 3879; x_wconf 93' lang='lat'><strong>‚</strong></span> <span class='ocrx_word' id='word_1_227' title='bbox 374 3796 409 3868; x_wconf 91' lang='lat'>&amp;</span> <span class='ocrx_word' id='word_1_228' title='bbox 425 3819 537 3890; x_wconf 87' lang='lat' dir='ltr'>nepos</span> <span class='ocrx_word' id='word_1_229' title='bbox 549 3820 632 3873; x_wconf 90' lang='lat' dir='ltr'>cum</span> <span class='ocrx_word' id='word_1_230' title='bbox 649 3799 783 3874; x_wconf 86' lang='lat' dir='ltr'>duabus</span> <span class='ocrx_word' id='word_1_231' title='bbox 804 3802 981 3876; x_wconf 82' lang='lat' dir='ltr'>sororibus</span> <span class='ocrx_word' id='word_1_232' title='bbox 1007 3797 1220 3874; x_wconf 87' lang='lat' dir='ltr'>contrahant</span> <span class='ocrx_word' id='word_1_233' title='bbox 1242 3821 1316 3872; x_wconf 87' lang='lat' dir='ltr'>ma.</span> 
     </span>
     <span class='ocr_line' id='line_1_32' title="bbox 282 3894 1317 3993; baseline 0.003 -24"><span class='ocrx_word' id='word_1_234' title='bbox 282 3900 471 3976; x_wconf 75' lang='lat' dir='ltr'>trimoniaa</span> <span class='ocrx_word' id='word_1_235' title='bbox 490 3896 600 3971; x_wconf 87' lang='lat' dir='ltr'>taliter</span> <span class='ocrx_word' id='word_1_236' title='bbox 614 3899 676 3972; x_wconf 89' lang='lat' dir='ltr'>tibi</span> <span class='ocrx_word' id='word_1_237' title='bbox 697 3899 863 3974; x_wconf 83' lang='lat' dir='ltr'>duximus</span> <span class='ocrx_word' id='word_1_238' title='bbox 881 3899 1164 3993; x_wconf 74' lang='lat' dir='ltr'>respondendum</span> <span class='ocrx_word' id='word_1_239' title='bbox 1177 3920 1187 3976; x_wconf 81' lang='lat' dir='ltr'>t</span> <span class='ocrx_word' id='word_1_240' title='bbox 1201 3894 1317 3986; x_wconf 77' lang='lat' dir='ltr'>Quod</span> 
     </span>
     <span class='ocr_line' id='line_1_33' title="bbox 281 3992 1318 4096; baseline 0.003 -30"><span class='ocrx_word' id='word_1_241' title='bbox 281 3992 362 4068; x_wconf 89' lang='lat' dir='ltr'>licet</span> <span class='ocrx_word' id='word_1_242' title='bbox 383 4019 508 4068; x_wconf 91' lang='lat' dir='ltr'>omnes</span> <span class='ocrx_word' id='word_1_243' title='bbox 521 3996 773 4092; x_wconf 74' lang='lat' dir='ltr'>consanguinei</span> <span class='ocrx_word' id='word_1_244' title='bbox 793 4002 914 4073; x_wconf 88' lang='lat' dir='ltr'>uxoris</span> <span class='ocrx_word' id='word_1_245' title='bbox 929 3996 996 4096; x_wconf 87' lang='lat' dir='ltr'>fint</span> <span class='ocrx_word' id='word_1_246' title='bbox 1011 3999 1071 4071; x_wconf 89' lang='lat' dir='ltr'>viri</span> <span class='ocrx_word' id='word_1_247' title='bbox 1093 3992 1235 4081; x_wconf 77' lang='lat' dir='ltr'>affines,</span> <span class='ocrx_word' id='word_1_248' title='bbox 1263 3999 1318 4069; x_wconf 89' lang='lat' dir='ltr'>in·</span> 
     </span>
     <span class='ocr_line' id='line_1_34' title="bbox 282 4095 1318 4187; baseline 0.003 -21"><span class='ocrx_word' id='word_1_249' title='bbox 282 4095 627 4187; x_wconf 80' lang='lat' dir='ltr'>tercoulanguineos</span> <span class='ocrx_word' id='word_1_250' title='bbox 650 4117 766 4171; x_wconf 88' lang='lat' dir='ltr'>tamen</span> <span class='ocrx_word' id='word_1_251' title='bbox 784 4102 929 4179; x_wconf 81' lang='lat' dir='ltr'>uxoris.</span> <span class='ocrx_word' id='word_1_252' title='bbox 951 4097 987 4169; x_wconf 78' lang='lat' dir='ltr'>dt</span> <span class='ocrx_word' id='word_1_253' title='bbox 1004 4100 1087 4181; x_wconf 85' lang='lat' dir='ltr'>viti,</span> <span class='ocrx_word' id='word_1_254' title='bbox 1106 4117 1152 4170; x_wconf 86' lang='lat' dir='ltr'>ex</span> <span class='ocrx_word' id='word_1_255' title='bbox 1176 4117 1318 4170; x_wconf 87' lang='lat' dir='ltr'>eorum·</span> 
     </span>
     <span class='ocr_line' id='line_1_35' title="bbox 281 4193 1319 4292; baseline -0.001 -29"><span class='ocrx_word' id='word_1_256' title='bbox 281 4193 529 4276; x_wconf 85' lang='lat' dir='ltr'>denr,scilicet</span> <span class='ocrx_word' id='word_1_257' title='bbox 546 4200 607 4270; x_wconf 85' lang='lat' dir='ltr'>riri</span> <span class='ocrx_word' id='word_1_258' title='bbox 630 4243 638 4273; x_wconf 68' lang='lat'><em>2</em></span> <span class='ocrx_word' id='word_1_259' title='bbox 662 4199 697 4269; x_wconf 78' lang='grc' dir='ltr'>δι</span> <span class='ocrx_word' id='word_1_260' title='bbox 721 4201 841 4278; x_wconf 86' lang='lat' dir='ltr'>uxoria</span> <span class='ocrx_word' id='word_1_261' title='bbox 865 4198 1068 4292; x_wconf 85' lang='lat' dir='ltr'>conjugio,</span> <span class='ocrx_word' id='word_1_262' title='bbox 1092 4194 1185 4270; x_wconf 88' lang='lat' dir='ltr'>nulla</span> <span class='ocrx_word' id='word_1_263' title='bbox 1216 4216 1319 4289; x_wconf 87' lang='lat' dir='ltr'>prot.</span> 
     </span>
     <span class='ocr_line' id='line_1_36' title="bbox 280 4290 1319 4393; baseline 0 -27"><span class='ocrx_word' id='word_1_264' title='bbox 280 4290 335 4366; x_wconf 82' lang='lat' dir='ltr'>sue</span> <span class='ocrx_word' id='word_1_265' title='bbox 355 4290 501 4369; x_wconf 85' lang='lat' dir='ltr'>affinitas</span> <span class='ocrx_word' id='word_1_266' title='bbox 525 4296 574 4369; x_wconf 88' lang='lat' dir='ltr'>est</span> <span class='ocrx_word' id='word_1_267' title='bbox 591 4296 798 4372; x_wconf 62' lang='lat' dir='ltr'>contradat</span> <span class='ocrx_word' id='word_1_268' title='bbox 824 4312 970 4393; x_wconf 89' lang='lat' dir='ltr'>propter</span> <span class='ocrx_word' id='word_1_269' title='bbox 995 4318 1103 4389; x_wconf 90' lang='lat' dir='ltr'>quam</span> <span class='ocrx_word' id='word_1_270' title='bbox 1132 4297 1222 4367; x_wconf 87' lang='lat' dir='ltr'>inter</span> <span class='ocrx_word' id='word_1_271' title='bbox 1255 4314 1319 4366; x_wconf 83' lang='lat' dir='ltr'>eor</span> 
     </span>
     <span class='ocr_line' id='line_1_37' title="bbox 279 4388 1319 4490; baseline 0.002 -28"><span class='ocrx_word' id='word_1_272' title='bbox 279 4397 549 4467; x_wconf 87' lang='lat' dir='ltr'>matrimonium</span> <span class='ocrx_word' id='word_1_273' title='bbox 575 4395 699 4469; x_wconf 89' lang='lat' dir='ltr'>debeat</span> <span class='ocrx_word' id='word_1_274' title='bbox 714 4397 873 4490; x_wconf 85' lang='lat' dir='ltr'>impediri</span> <span class='ocrx_word' id='word_1_275' title='bbox 905 4451 926 4485; x_wconf 86' lang='lat'>„</span> <span class='ocrx_word' id='word_1_276' title='bbox 941 4439 973 4484; x_wconf 87' lang='lat'>,‚·</span> <span class='ocrx_word' id='word_1_277' title='bbox 999 4392 1202 4469; x_wconf 85' lang='lat' dir='ltr'>Secundum</span> <span class='ocrx_word' id='word_1_278' title='bbox 1225 4388 1319 4464; x_wconf 80' lang='lat' dir='ltr'>hana</span> 
     </span>
     <span class='ocr_line' id='line_1_38' title="bbox 278 4487 1321 4662; baseline -0.005 -93"><span class='ocrx_word' id='word_1_279' title='bbox 278 4487 477 4590; x_wconf 84' lang='lat' dir='ltr'>Regulam,</span> <span class='ocrx_word' id='word_1_280' title='bbox 492 4496 607 4569; x_wconf 87' lang='lat' dir='ltr'>mariti</span> <span class='ocrx_word' id='word_1_281' title='bbox 627 4494 717 4574; x_wconf 82' lang='lat' dir='ltr'>lilios</span> <span class='ocrx_word' id='word_1_282' title='bbox 729 4518 774 4575; x_wconf 78' lang='lat' dir='ltr'>ex</span> <span class='ocrx_word' id='word_1_283' title='bbox 787 4494 852 4573; x_wconf 83' lang='lat' dir='ltr'>alia</span> <span class='ocrx_word' id='word_1_284' title='bbox 863 4496 1177 4577; x_wconf 65' lang='lat' dir='ltr'>exorcideorruria</span> <span class='ocrx_word' id='word_1_285' title='bbox 1194 4489 1321 4662; x_wconf 54' lang='lat' dir='ltr'>lilliiaex</span> 
     </span>
     <span class='ocr_line' id='line_1_39' title="bbox 1200 4611 1383 4665; baseline -0.005 0"><span class='ocrx_word' id='word_1_286' title='bbox 1200 4611 1270 4665; x_wconf 79' lang='lat' dir='ltr'>ao</span> <span class='ocrx_word' id='word_1_287' title='bbox 1379 4635 1383 4644; x_wconf 90' lang='lat'><em>·</em></span> 
     </span>
    </p>
   </div>
   <div class='ocr_carea' id='block_1_7' title="bbox 0 0 1861 5425">
    <p class='ocr_par' dir='ltr' id='par_1_8' title="bbox 0 0 1861 5425">
     <span class='ocr_line' id='line_1_40' title="bbox 0 0 1861 5425; baseline 0 0"><span class='ocrx_word' id='word_1_288' title='bbox 0 0 1861 5425; x_wconf 95' lang='lat' dir='ltr'> </span> 
     </span>
    </p>
   </div>
  </div>
 </body>
</html>
