<?xml version="1.0" encoding="UTF-8"?>
<!DOCTYPE html PUBLIC "-//W3C//DTD XHTML 1.0 Transitional//EN"
    "http://www.w3.org/TR/xhtml1/DTD/xhtml1-transitional.dtd">
<html xmlns="http://www.w3.org/1999/xhtml" xml:lang="en" lang="en">
 <head>
  <title>
</title>
<meta http-equiv="Content-Type" content="text/html;charset=utf-8" />
  <meta name='ocr-system' content='tesseract 3.04.00' />
  <meta name='ocr-capabilities' content='ocr_page ocr_carea ocr_par ocr_line ocrx_word'/>
</head>
<body>
  <div class='ocr_page' id='page_1' title='image "./theologiadogmat05alexgoog_0313.png"; bbox 0 0 3700 5425; ppageno 0'>
   <div class='ocr_carea' id='block_1_1' title="bbox 346 482 1316 664">
    <p class='ocr_par' dir='ltr' id='par_1_1' title="bbox 346 482 1316 664">
     <span class='ocr_line' id='line_1_1' title="bbox 346 482 1316 664; baseline 0.009 -21"><span class='ocrx_word' id='word_1_1' title='bbox 346 572 349 577; x_wconf 87' lang='lat'>·</span> <span class='ocrx_word' id='word_1_2' title='bbox 416 536 488 644; x_wconf 88' lang='lat' dir='ltr'>De</span> <span class='ocrx_word' id='word_1_3' title='bbox 516 548 787 644; x_wconf 83' lang='lat' dir='ltr'>Sacramento</span> <span class='ocrx_word' id='word_1_4' title='bbox 817 482 1114 647; x_wconf 50' lang='lat' dir='ltr'>Matrimonii*</span> <span class='ocrx_word' id='word_1_5' title='bbox 1232 563 1316 664; x_wconf 73' lang='lat' dir='ltr'>tat</span> 
     </span>
    </p>
   </div>
   <div class='ocr_carea' id='block_1_2' title="bbox 235 723 1313 1717">
    <p class='ocr_par' dir='ltr' id='par_1_2' title="bbox 235 723 1313 1717">
     <span class='ocr_line' id='line_1_2' title="bbox 235 723 1313 824; baseline 0.005 -19"><span class='ocrx_word' id='word_1_6' title='bbox 235 756 239 767; x_wconf 64' lang='lat'><strong><em>¹</em></strong></span> <span class='ocrx_word' id='word_1_7' title='bbox 257 727 428 811; x_wconf 76' lang='lat' dir='ltr'>tironium</span> <span class='ocrx_word' id='word_1_8' title='bbox 457 723 572 801; x_wconf 82' lang='lat' dir='ltr'>valide</span> <span class='ocrx_word' id='word_1_9' title='bbox 591 725 802 802; x_wconf 83' lang='lat' dir='ltr'>contrahere</span> <span class='ocrx_word' id='word_1_10' title='bbox 821 725 940 824; x_wconf 76' lang='lat' dir='ltr'>porse,</span> <span class='ocrx_word' id='word_1_11' title='bbox 966 725 1163 806; x_wconf 83' lang='lat' dir='ltr'><strong>luculenter</strong></span> <span class='ocrx_word' id='word_1_12' title='bbox 1186 728 1313 810; x_wconf 80' lang='lat' dir='ltr'>refellit</span> 
     </span>
     <span class='ocr_line' id='line_1_3' title="bbox 257 822 1312 921; baseline 0.001 -24"><span class='ocrx_word' id='word_1_13' title='bbox 257 833 447 902; x_wconf 84' lang='lat' dir='ltr'>Navarrur</span> <span class='ocrx_word' id='word_1_14' title='bbox 467 824 665 903; x_wconf 83' lang='lat' dir='ltr'>Confili02</span> <span class='ocrx_word' id='word_1_15' title='bbox 704 831 758 897; x_wconf 88' lang='lat' dir='ltr'>De</span> <span class='ocrx_word' id='word_1_16' title='bbox 771 825 930 921; x_wconf 74' lang='lat' dir='ltr'><em>frigidis,</em></span> <span class='ocrx_word' id='word_1_17' title='bbox 956 835 998 901; x_wconf 62' lang='lat' dir='ltr'>(a</span> <span class='ocrx_word' id='word_1_18' title='bbox 1018 822 1235 913; x_wconf 79' lang='lat' dir='ltr'>maiefirierr&#39;s.</span> <span class='ocrx_word' id='word_1_19' title='bbox 1263 828 1312 911; x_wconf 74' lang='lat' dir='ltr'>Ee</span> 
     </span>
     <span class='ocr_line' id='line_1_4' title="bbox 258 927 1312 1025; baseline 0.003 -21"><span class='ocrx_word' id='word_1_20' title='bbox 258 931 381 1022; x_wconf 81' lang='lat' dir='ltr'>tamen</span> <span class='ocrx_word' id='word_1_21' title='bbox 402 927 440 1002; x_wconf 86' lang='lat' dir='ltr'>in</span> <span class='ocrx_word' id='word_1_22' title='bbox 464 929 600 1020; x_wconf 83' lang='lat' dir='ltr'>speeie.</span> <span class='ocrx_word' id='word_1_23' title='bbox 619 927 665 1000; x_wconf 88' lang='lat' dir='ltr'>de</span> <span class='ocrx_word' id='word_1_24' title='bbox 686 940 757 1024; x_wconf 87' lang='lat' dir='ltr'>qua</span> <span class='ocrx_word' id='word_1_25' title='bbox 774 927 889 1004; x_wconf 81' lang='lat' dir='ltr'>iuerat</span> <span class='ocrx_word' id='word_1_26' title='bbox 912 927 1120 1005; x_wconf 84' lang='lat' dir='ltr'>sententiam</span> <span class='ocrx_word' id='word_1_27' title='bbox 1140 942 1312 1025; x_wconf 61' lang='lat' dir='ltr'>rogaturi</span> 
     </span>
     <span class='ocr_line' id='line_1_5' title="bbox 257 1026 1311 1128; baseline 0.002 -23"><span class='ocrx_word' id='word_1_28' title='bbox 257 1027 450 1125; x_wconf 79' lang='lat' dir='ltr'>tripondet</span> <span class='ocrx_word' id='word_1_29' title='bbox 475 1028 744 1102; x_wconf 86' lang='lat' dir='ltr'>matrimonium</span> <span class='ocrx_word' id='word_1_30' title='bbox 766 1027 946 1119; x_wconf 86' lang='lat' dir='ltr'>eujusdam</span> <span class='ocrx_word' id='word_1_31' title='bbox 976 1028 1139 1128; x_wconf 83' lang='lat' dir='ltr'>spadonis</span> <span class='ocrx_word' id='word_1_32' title='bbox 1162 1026 1311 1126; x_wconf 81' lang='lat' dir='ltr'>Hispani</span> 
     </span>
     <span class='ocr_line' id='line_1_6' title="bbox 259 1126 1313 1226; baseline -0.004 -21"><span class='ocrx_word' id='word_1_33' title='bbox 259 1149 345 1205; x_wconf 85' lang='lat' dir='ltr'>cum</span> <span class='ocrx_word' id='word_1_34' title='bbox 368 1126 533 1210; x_wconf 82' lang='lat' dir='ltr'>muliere,</span> <span class='ocrx_word' id='word_1_35' title='bbox 559 1146 667 1223; x_wconf 90' lang='lat' dir='ltr'>quam</span> <span class='ocrx_word' id='word_1_36' title='bbox 683 1128 997 1226; x_wconf 84' lang='lat' dir='ltr'>constupraverat.</span> <span class='ocrx_word' id='word_1_37' title='bbox 1022 1150 1069 1206; x_wconf 85' lang='lat' dir='ltr'>err</span> <span class='ocrx_word' id='word_1_38' title='bbox 1093 1150 1170 1226; x_wconf 88' lang='lat' dir='ltr'>quo</span> <span class='ocrx_word' id='word_1_39' title='bbox 1190 1132 1313 1205; x_wconf 75' lang='lat' dir='ltr'>matri·</span> 
     </span>
     <span class='ocr_line' id='line_1_7' title="bbox 259 1225 1311 1325; baseline 0.006 -22"><span class='ocrx_word' id='word_1_40' title='bbox 259 1230 388 1304; x_wconf 85' lang='lat' dir='ltr'>monio</span> <span class='ocrx_word' id='word_1_41' title='bbox 425 1225 542 1322; x_wconf 81' lang='lat' dir='ltr'>plures</span> <span class='ocrx_word' id='word_1_42' title='bbox 565 1228 639 1299; x_wconf 89' lang='lat' dir='ltr'>nati</span> <span class='ocrx_word' id='word_1_43' title='bbox 666 1241 738 1303; x_wconf 87' lang='lat' dir='ltr'>erat</span> <span class='ocrx_word' id='word_1_44' title='bbox 759 1225 848 1304; x_wconf 74' lang='lat' dir='ltr'>fiiri,</span> <span class='ocrx_word' id='word_1_45' title='bbox 870 1251 964 1324; x_wconf 85' lang='lat' dir='ltr'>quos</span> <span class='ocrx_word' id='word_1_46' title='bbox 991 1232 1141 1324; x_wconf 84' lang='lat' dir='ltr'>uterque</span> <span class='ocrx_word' id='word_1_47' title='bbox 1169 1231 1311 1325; x_wconf 74' lang='lat' dir='ltr'>conjnx</span> 
     </span>
     <span class='ocr_line' id='line_1_8' title="bbox 258 1325 1310 1426; baseline -0.001 -21"><span class='ocrx_word' id='word_1_48' title='bbox 258 1342 481 1424; x_wconf 80' lang='lat' dir='ltr'>agnoverat,</span> <span class='ocrx_word' id='word_1_49' title='bbox 499 1326 537 1399; x_wconf 78' lang='lat' dir='ltr'>dt</span> <span class='ocrx_word' id='word_1_50' title='bbox 571 1326 782 1402; x_wconf 73' lang='lat' dir='ltr'>educaverat</span> <span class='ocrx_word' id='word_1_51' title='bbox 809 1341 979 1426; x_wconf 84' lang='lat' dir='ltr'>tanquam</span> <span class='ocrx_word' id='word_1_52' title='bbox 1005 1328 1111 1413; x_wconf 62' lang='lat' dir='ltr'>iuuat</span> <span class='ocrx_word' id='word_1_53' title='bbox 1133 1325 1200 1405; x_wconf 79' lang='lat' dir='ltr'>effe</span> <span class='ocrx_word' id='word_1_54' title='bbox 1225 1332 1310 1405; x_wconf 65' lang='lat' dir='ltr'>tati*</span> 
     </span>
     <span class='ocr_line' id='line_1_9' title="bbox 258 1424 1311 1524; baseline 0.003 -23"><span class='ocrx_word' id='word_1_55' title='bbox 258 1428 357 1503; x_wconf 87' lang='lat' dir='ltr'>tium.</span> <span class='ocrx_word' id='word_1_56' title='bbox 395 1425 466 1501; x_wconf 85' lang='lat' dir='ltr'>Sed</span> <span class='ocrx_word' id='word_1_57' title='bbox 495 1439 577 1500; x_wconf 91' lang='lat' dir='ltr'>utut</span> <span class='ocrx_word' id='word_1_58' title='bbox 602 1424 635 1499; x_wconf 87' lang='lat' dir='ltr'>se</span> <span class='ocrx_word' id='word_1_59' title='bbox 670 1448 724 1500; x_wconf 85' lang='lat' dir='ltr'>res</span> <span class='ocrx_word' id='word_1_60' title='bbox 750 1425 911 1503; x_wconf 82' lang='lat' dir='ltr'>habuerit</span> <span class='ocrx_word' id='word_1_61' title='bbox 932 1432 969 1503; x_wconf 89' lang='lat' dir='ltr'>in</span> <span class='ocrx_word' id='word_1_62' title='bbox 994 1428 1048 1503; x_wconf 87' lang='lat' dir='ltr'>iila</span> <span class='ocrx_word' id='word_1_63' title='bbox 1067 1426 1200 1522; x_wconf 82' lang='lat' dir='ltr'>specie,</span> <span class='ocrx_word' id='word_1_64' title='bbox 1227 1443 1311 1524; x_wconf 72' lang='lat' dir='ltr'>quan</span> 
     </span>
     <span class='ocr_line' id='line_1_10' title="bbox 258 1525 1312 1622; baseline 0.002 -20"><span class='ocrx_word' id='word_1_65' title='bbox 258 1525 410 1602; x_wconf 82' lang='lat' dir='ltr'>eonfirio</span> <span class='ocrx_word' id='word_1_66' title='bbox 431 1525 591 1594; x_wconf 82' lang='lat' dir='ltr'>Navarri</span> <span class='ocrx_word' id='word_1_67' title='bbox 609 1531 862 1620; x_wconf 83' lang='lat' dir='ltr'>argumentum</span> <span class='ocrx_word' id='word_1_68' title='bbox 876 1531 1044 1622; x_wconf 79' lang='lat' dir='ltr'>praebuit.</span> <span class='ocrx_word' id='word_1_69' title='bbox 1064 1529 1128 1602; x_wconf 82' lang='lat' dir='ltr'>&#39;uri</span> <span class='ocrx_word' id='word_1_70' title='bbox 1142 1544 1312 1604; x_wconf 75' lang='lat' dir='ltr'>commu·</span> 
     </span>
     <span class='ocr_line' id='line_1_11' title="bbox 257 1620 1285 1717; baseline 0.004 -16"><span class='ocrx_word' id='word_1_71' title='bbox 257 1629 319 1717; x_wconf 85' lang='lat' dir='ltr'>tri,</span> <span class='ocrx_word' id='word_1_72' title='bbox 344 1629 382 1703; x_wconf 80' lang='lat' dir='ltr'>dt</span> <span class='ocrx_word' id='word_1_73' title='bbox 404 1620 663 1702; x_wconf 70' lang='lat' dir='ltr'>constitutioni</span> <span class='ocrx_word' id='word_1_74' title='bbox 687 1630 779 1694; x_wconf 81' lang='lat' dir='ltr'>Sixrr&#39;</span> <span class='ocrx_word' id='word_1_75' title='bbox 794 1625 834 1698; x_wconf 85' lang='lat' dir='ltr'>V.</span> <span class='ocrx_word' id='word_1_76' title='bbox 860 1631 1014 1705; x_wconf 89' lang='lat' dir='ltr'>omnino</span> <span class='ocrx_word' id='word_1_77' title='bbox 1117 1624 1285 1707; x_wconf 81' lang='lat' dir='ltr'>dumeti.</span> 
     </span>
    </p>
   </div>
   <div class='ocr_carea' id='block_1_3' title="bbox 568 1759 1005 1868">
    <p class='ocr_par' dir='ltr' id='par_1_3' title="bbox 568 1759 1005 1868">
     <span class='ocr_line' id='line_1_12' title="bbox 568 1759 1005 1868; baseline 0.018 -10"><span class='ocrx_word' id='word_1_78' title='bbox 568 1759 891 1862; x_wconf 78' lang='lat' dir='ltr'>REGULA</span> <span class='ocrx_word' id='word_1_79' title='bbox 941 1772 1005 1868; x_wconf 86' lang='lat' dir='ltr'>rt.</span> 
     </span>
    </p>
   </div>
   <div class='ocr_carea' id='block_1_4' title="bbox 257 1901 1338 2477">
    <p class='ocr_par' dir='ltr' id='par_1_4' title="bbox 257 1901 1338 2341">
     <span class='ocr_line' id='line_1_13' title="bbox 258 1901 1313 2041; baseline 0.002 -25"><span class='ocrx_word' id='word_1_80' title='bbox 258 1930 337 2034; x_wconf 82' lang='lat' dir='ltr'>Qui</span> <span class='ocrx_word' id='word_1_81' title='bbox 358 1942 527 2037; x_wconf 80' lang='lat' dir='ltr'>petpe&#39;tua</span> <span class='ocrx_word' id='word_1_82' title='bbox 545 1937 682 2017; x_wconf 85' lang='lat' dir='ltr'>laborat</span> <span class='ocrx_word' id='word_1_83' title='bbox 704 1901 935 2037; x_wconf 87' lang='lat' dir='ltr'>impotentia,</span> <span class='ocrx_word' id='word_1_84' title='bbox 956 1945 1077 2020; x_wconf 86' lang='lat' dir='ltr'>manet</span> <span class='ocrx_word' id='word_1_85' title='bbox 1098 1930 1228 2041; x_wconf 77' lang='lat' dir='ltr'>absque</span> <span class='ocrx_word' id='word_1_86' title='bbox 1250 1940 1313 2039; x_wconf 78' lang='lat' dir='ltr'>t&#39;pn</span> 
     </span>
     <span class='ocr_line' id='line_1_14' title="bbox 285 2039 1338 2147; baseline -0.002 -28"><span class='ocrx_word' id='word_1_87' title='bbox 285 2045 446 2137; x_wconf 79' lang='lat' dir='ltr'>conjugii</span> <span class='ocrx_word' id='word_1_88' title='bbox 459 2066 471 2134; x_wconf 66' lang='lat' dir='ltr'>;v</span> <span class='ocrx_word' id='word_1_89' title='bbox 486 2040 572 2116; x_wconf 84' lang='lat' dir='ltr'>aliua</span> <span class='ocrx_word' id='word_1_90' title='bbox 588 2041 721 2117; x_wconf 86' lang='lat' dir='ltr'>nubere</span> <span class='ocrx_word' id='word_1_91' title='bbox 737 2042 874 2138; x_wconf 79' lang='lat' dir='ltr'>potest,</span> <span class='ocrx_word' id='word_1_92' title='bbox 895 2042 953 2117; x_wconf 88' lang='lat' dir='ltr'>cui</span> <span class='ocrx_word' id='word_1_93' title='bbox 968 2041 1065 2129; x_wconf 81' lang='lat' dir='ltr'>vult,</span> <span class='ocrx_word' id='word_1_94' title='bbox 1081 2045 1118 2120; x_wconf 89' lang='lat' dir='ltr'>iu</span> <span class='ocrx_word' id='word_1_95' title='bbox 1131 2039 1313 2120; x_wconf 72' lang='lat' dir='ltr'>Domino·</span> <span class='ocrx_word' id='word_1_96' title='bbox 1329 2140 1338 2147; x_wconf 26' lang='grc' dir='ltr'>ι</span> 
     </span>
     <span class='ocr_line' id='line_1_15' title="bbox 257 2162 1332 2341; baseline -0.033 -96"><span class='ocrx_word' id='word_1_97' title='bbox 257 2167 490 2341; x_wconf 37' lang='lat' dir='ltr'>Idumen</span> <span class='ocrx_word' id='word_1_98' title='bbox 517 2179 665 2314; x_wconf 41' lang='lat'>3¹93?</span> <span class='ocrx_word' id='word_1_99' title='bbox 698 2162 885 2263; x_wconf 69' lang='lat' dir='ltr'>acceptat,</span> <span class='ocrx_word' id='word_1_100' title='bbox 907 2166 1048 2289; x_wconf 78' lang='lat' dir='ltr'>Extra,</span> <span class='ocrx_word' id='word_1_101' title='bbox 1076 2172 1141 2288; x_wconf 10' lang='lat' dir='ltr'>oe,</span> <span class='ocrx_word' id='word_1_102' title='bbox 1152 2164 1332 2285; x_wconf 48' lang='lat' dir='ltr'>frigidis„</span> 
     </span>
    </p>

    <p class='ocr_par' dir='ltr' id='par_1_5' title="bbox 258 2263 1312 2477">
     <span class='ocr_line' id='line_1_16' title="bbox 383 2263 1312 2364; baseline 0.005 -23"><span class='ocrx_word' id='word_1_103' title='bbox 383 2293 435 2341; x_wconf 85' lang='lat' dir='ltr'>rna</span> <span class='ocrx_word' id='word_1_104' title='bbox 450 2263 592 2355; x_wconf 78' lang='lat' dir='ltr'>efictarrs</span> <span class='ocrx_word' id='word_1_105' title='bbox 608 2318 620 2357; x_wconf 83' lang='lat'><strong>,</strong></span> <span class='ocrx_word' id='word_1_106' title='bbox 638 2271 676 2346; x_wconf 79' lang='lat' dir='ltr'>dt</span> <span class='ocrx_word' id='word_1_107' title='bbox 701 2286 749 2344; x_wconf 82' lang='lat' dir='ltr'>ert</span> <span class='ocrx_word' id='word_1_108' title='bbox 774 2274 808 2346; x_wconf 79' lang='lat' dir='ltr'>St</span> <span class='ocrx_word' id='word_1_109' title='bbox 829 2269 955 2342; x_wconf 78' lang='lat' dir='ltr'>Thema</span> <span class='ocrx_word' id='word_1_110' title='bbox 981 2293 1019 2346; x_wconf 87' lang='lat' dir='ltr'>tn</span> <span class='ocrx_word' id='word_1_111' title='bbox 1048 2274 1088 2364; x_wconf 76' lang='grc'>4.</span> <span class='ocrx_word' id='word_1_112' title='bbox 1111 2268 1209 2349; x_wconf 78' lang='lat' dir='ltr'>Sent·</span> <span class='ocrx_word' id='word_1_113' title='bbox 1231 2267 1312 2348; x_wconf 74' lang='lat' dir='ltr'>dista</span> 
     </span>
     <span class='ocr_line' id='line_1_17' title="bbox 258 2372 584 2477; baseline -0.003 -37"><span class='ocrx_word' id='word_1_114' title='bbox 258 2372 323 2477; x_wconf 68' lang='lat'>34.</span> <span class='ocrx_word' id='word_1_115' title='bbox 347 2392 384 2466; x_wconf 88' lang='lat' dir='ltr'>q.</span> <span class='ocrx_word' id='word_1_116' title='bbox 400 2387 432 2442; x_wconf 93' lang='lat'>1.</span> <span class='ocrx_word' id='word_1_117' title='bbox 468 2385 534 2449; x_wconf 85' lang='lat' dir='ltr'>att.</span> <span class='ocrx_word' id='word_1_118' title='bbox 549 2385 584 2439; x_wconf 75' lang='lat' dir='ltr'>n</span> 
     </span>
    </p>
   </div>
   <div class='ocr_carea' id='block_1_5' title="bbox 554 2500 1026 2606">
    <p class='ocr_par' dir='ltr' id='par_1_6' title="bbox 554 2500 1026 2606">
     <span class='ocr_line' id='line_1_18' title="bbox 554 2500 1026 2606; baseline -0.008 -2"><span class='ocrx_word' id='word_1_119' title='bbox 554 2500 1026 2606; x_wconf 70' lang='lat' dir='ltr'>recurarit</span> 
     </span>
    </p>
   </div>
   <div class='ocr_carea' id='block_1_6' title="bbox 258 2668 1323 2886">
    <p class='ocr_par' dir='ltr' id='par_1_7' title="bbox 258 2668 1323 2886">
     <span class='ocr_line' id='line_1_19' title="bbox 258 2668 1317 2784; baseline 0.002 -21"><span class='ocrx_word' id='word_1_120' title='bbox 258 2668 478 2784; x_wconf 72' lang='lat' dir='ltr'>impotentia</span> <span class='ocrx_word' id='word_1_121' title='bbox 502 2689 673 2784; x_wconf 70' lang='lat' dir='ltr'>perpetua</span> <span class='ocrx_word' id='word_1_122' title='bbox 699 2687 971 2762; x_wconf 82' lang='lat' dir='ltr'>matrimonium</span> <span class='ocrx_word' id='word_1_123' title='bbox 996 2671 1154 2775; x_wconf 66' lang='lat' dir='ltr'>arrian,</span> <span class='ocrx_word' id='word_1_124' title='bbox 1177 2672 1249 2766; x_wconf 74' lang='lat' dir='ltr'>tre</span> <span class='ocrx_word' id='word_1_125' title='bbox 1265 2672 1317 2765; x_wconf 59' lang='lat' dir='ltr'>ata·</span> 
     </span>
     <span class='ocr_line' id='line_1_20' title="bbox 464 2784 1323 2886; baseline -0.002 -23"><span class='ocrx_word' id='word_1_126' title='bbox 464 2790 529 2863; x_wconf 93' lang='lat' dir='ltr'>teri</span> <span class='ocrx_word' id='word_1_127' title='bbox 553 2788 700 2884; x_wconf 85' lang='lat' dir='ltr'>cognita</span> <span class='ocrx_word' id='word_1_128' title='bbox 721 2784 789 2864; x_wconf 76' lang='lat' dir='ltr'>nr,</span> <span class='ocrx_word' id='word_1_129' title='bbox 810 2786 880 2861; x_wconf 84' lang='lat' dir='ltr'>fite</span> <span class='ocrx_word' id='word_1_130' title='bbox 910 2789 1107 2886; x_wconf 69' lang='lat' dir='ltr'>incognitaa</span> <span class='ocrx_word' id='word_1_131' title='bbox 1317 2795 1323 2806; x_wconf 93' lang='lat'><em>&#39;</em></span> 
     </span>
    </p>
   </div>
   <div class='ocr_carea' id='block_1_7' title="bbox 262 2921 1415 4514">
    <p class='ocr_par' dir='ltr' id='par_1_8' title="bbox 262 2921 1415 4514">
     <span class='ocr_line' id='line_1_21' title="bbox 361 2921 1316 3020; baseline -0.004 -22"><span class='ocrx_word' id='word_1_132' title='bbox 361 2924 497 2998; x_wconf 85' lang='lat' dir='ltr'>uamvis</span> <span class='ocrx_word' id='word_1_133' title='bbox 514 2925 609 2996; x_wconf 90' lang='lat' dir='ltr'>enim</span> <span class='ocrx_word' id='word_1_134' title='bbox 627 2924 767 3017; x_wconf 88' lang='lat' dir='ltr'>utrique</span> <span class='ocrx_word' id='word_1_135' title='bbox 786 2925 935 3020; x_wconf 73' lang='lat' dir='ltr'>conjugi</span> <span class='ocrx_word' id='word_1_136' title='bbox 948 2935 1034 3000; x_wconf 87' lang='lat' dir='ltr'>nota</span> <span class='ocrx_word' id='word_1_137' title='bbox 1053 2922 1094 3000; x_wconf 87' lang='lat' dir='ltr'>sit</span> <span class='ocrx_word' id='word_1_138' title='bbox 1115 2921 1316 2999; x_wconf 69' lang='lat' dir='ltr'>alterutrius</span> 
     </span>
     <span class='ocr_line' id='line_1_22' title="bbox 264 2925 1317 3124; baseline -0.001 -28"><span class='ocrx_word' id='word_1_139' title='bbox 264 2925 355 3124; x_wconf 89' lang='lat' dir='ltr'>Q</span> <span class='ocrx_word' id='word_1_140' title='bbox 388 3026 627 3117; x_wconf 84' lang='lat' dir='ltr'>impotentia,</span> <span class='ocrx_word' id='word_1_141' title='bbox 658 3021 791 3116; x_wconf 83' lang='lat' dir='ltr'>semper</span> <span class='ocrx_word' id='word_1_142' title='bbox 828 3028 1002 3099; x_wconf 87' lang='lat' dir='ltr'>contraria</span> <span class='ocrx_word' id='word_1_143' title='bbox 1036 3023 1085 3098; x_wconf 88' lang='lat' dir='ltr'>est</span> <span class='ocrx_word' id='word_1_144' title='bbox 1119 3022 1317 3102; x_wconf 66' lang='lat' dir='ltr'>substantia!</span> 
     </span>
     <span class='ocr_line' id='line_1_23' title="bbox 262 3120 1316 3219; baseline -0.001 -24"><span class='ocrx_word' id='word_1_145' title='bbox 262 3125 480 3196; x_wconf 87' lang='lat' dir='ltr'>matrimonii</span> <span class='ocrx_word' id='word_1_146' title='bbox 497 3144 508 3202; x_wconf 81' lang='lat'>3</span> <span class='ocrx_word' id='word_1_147' title='bbox 524 3120 698 3218; x_wconf 81' lang='lat' dir='ltr'>siquidem</span> <span class='ocrx_word' id='word_1_148' title='bbox 725 3122 859 3196; x_wconf 85' lang='lat' dir='ltr'>tradere</span> <span class='ocrx_word' id='word_1_149' title='bbox 883 3135 960 3196; x_wconf 87' lang='lat' dir='ltr'>non</span> <span class='ocrx_word' id='word_1_150' title='bbox 982 3124 1098 3219; x_wconf 89' lang='lat' dir='ltr'>potest</span> <span class='ocrx_word' id='word_1_151' title='bbox 1119 3123 1216 3197; x_wconf 85' lang='lat' dir='ltr'>atteri</span> <span class='ocrx_word' id='word_1_152' title='bbox 1233 3142 1316 3195; x_wconf 70' lang='lat' dir='ltr'>cora</span> 
     </span>
     <span class='ocr_line' id='line_1_24' title="bbox 262 3216 1317 3322; baseline -0.002 -28"><span class='ocrx_word' id='word_1_153' title='bbox 262 3244 331 3315; x_wconf 92' lang='lat' dir='ltr'>pus</span> <span class='ocrx_word' id='word_1_154' title='bbox 356 3220 456 3298; x_wconf 84' lang='lat' dir='ltr'>suum</span> <span class='ocrx_word' id='word_1_155' title='bbox 483 3224 666 3295; x_wconf 76' lang='lat' dir='ltr'>adactum</span> <span class='ocrx_word' id='word_1_156' title='bbox 696 3221 922 3316; x_wconf 84' lang='lat' dir='ltr'>conjugalem</span> <span class='ocrx_word' id='word_1_157' title='bbox 945 3270 954 3299; x_wconf 79' lang='lat'>‚</span> <span class='ocrx_word' id='word_1_158' title='bbox 981 3226 1043 3322; x_wconf 93' lang='lat' dir='ltr'>qui</span> <span class='ocrx_word' id='word_1_159' title='bbox 1067 3230 1235 3318; x_wconf 86' lang='lat' dir='ltr'>perpetua</span> <span class='ocrx_word' id='word_1_160' title='bbox 1268 3216 1317 3292; x_wconf 55' lang='lat' dir='ltr'>iae</span> 
     </span>
     <span class='ocr_line' id='line_1_25' title="bbox 264 3316 1317 3415; baseline -0.004 -22"><span class='ocrx_word' id='word_1_161' title='bbox 264 3324 369 3393; x_wconf 90' lang='lat' dir='ltr'>borat</span> <span class='ocrx_word' id='word_1_162' title='bbox 387 3325 597 3415; x_wconf 86' lang='lat' dir='ltr'>impotentia</span> <span class='ocrx_word' id='word_1_163' title='bbox 618 3346 627 3411; x_wconf 91' lang='lat'>;</span> <span class='ocrx_word' id='word_1_164' title='bbox 650 3320 737 3398; x_wconf 86' lang='lat' dir='ltr'>ficut</span> <span class='ocrx_word' id='word_1_165' title='bbox 763 3345 836 3396; x_wconf 88' lang='lat' dir='ltr'>non</span> <span class='ocrx_word' id='word_1_166' title='bbox 861 3321 978 3415; x_wconf 82' lang='lat' dir='ltr'>potest</span> <span class='ocrx_word' id='word_1_167' title='bbox 1006 3331 1123 3398; x_wconf 88' lang='lat' dir='ltr'>emere</span> <span class='ocrx_word' id='word_1_168' title='bbox 1139 3367 1146 3391; x_wconf 86' lang='lat'><strong>‚</strong></span> <span class='ocrx_word' id='word_1_169' title='bbox 1165 3320 1227 3415; x_wconf 89' lang='lat' dir='ltr'>qui</span> <span class='ocrx_word' id='word_1_170' title='bbox 1248 3316 1317 3390; x_wconf 78' lang='lat' dir='ltr'>ion</span> 
     </span>
     <span class='ocr_line' id='line_1_26' title="bbox 264 3419 1314 3517; baseline -0.003 -24"><span class='ocrx_word' id='word_1_171' title='bbox 264 3423 386 3493; x_wconf 83' lang='lat' dir='ltr'>vendo</span> <span class='ocrx_word' id='word_1_172' title='bbox 403 3444 478 3495; x_wconf 91' lang='lat' dir='ltr'>non</span> <span class='ocrx_word' id='word_1_173' title='bbox 499 3422 571 3501; x_wconf 76' lang='lat' dir='ltr'>est,</span> <span class='ocrx_word' id='word_1_174' title='bbox 588 3419 825 3517; x_wconf 79' lang='lat' dir='ltr'>necunquam</span> <span class='ocrx_word' id='word_1_175' title='bbox 848 3419 914 3495; x_wconf 76' lang='lat' dir='ltr'>etse</span> <span class='ocrx_word' id='word_1_176' title='bbox 943 3422 1069 3517; x_wconf 77' lang='lat' dir='ltr'>potesta</span> <span class='ocrx_word' id='word_1_177' title='bbox 1096 3420 1170 3511; x_wconf 88' lang='lat' dir='ltr'>Qui</span> <span class='ocrx_word' id='word_1_178' title='bbox 1194 3424 1314 3493; x_wconf 81' lang='lat' dir='ltr'>autent</span> 
     </span>
     <span class='ocr_line' id='line_1_27' title="bbox 262 3521 1317 3618; baseline -0.001 -26"><span class='ocrx_word' id='word_1_179' title='bbox 262 3523 446 3615; x_wconf 86' lang='lat' dir='ltr'>impotens</span> <span class='ocrx_word' id='word_1_180' title='bbox 468 3521 516 3596; x_wconf 86' lang='lat' dir='ltr'>est</span> <span class='ocrx_word' id='word_1_181' title='bbox 539 3525 751 3616; x_wconf 90' lang='lat' dir='ltr'>temporaria</span> <span class='ocrx_word' id='word_1_182' title='bbox 777 3523 951 3596; x_wconf 82' lang='lat' dir='ltr'>duntaxat</span> <span class='ocrx_word' id='word_1_183' title='bbox 977 3524 1211 3618; x_wconf 79' lang='lat' dir='ltr'>impotentia,</span> <span class='ocrx_word' id='word_1_184' title='bbox 1236 3527 1317 3614; x_wconf 70' lang='lat' dir='ltr'>que</span> 
     </span>
     <span class='ocr_line' id='line_1_28' title="bbox 262 3617 1317 3717; baseline -0.004 -24"><span class='ocrx_word' id='word_1_185' title='bbox 262 3618 396 3694; x_wconf 77' lang='lat' dir='ltr'>scilicet</span> <span class='ocrx_word' id='word_1_186' title='bbox 425 3619 530 3695; x_wconf 76' lang='lat' dir='ltr'>tanati</span> <span class='ocrx_word' id='word_1_187' title='bbox 558 3621 700 3714; x_wconf 77' lang='lat' dir='ltr'>potest,</span> <span class='ocrx_word' id='word_1_188' title='bbox 725 3627 785 3695; x_wconf 85' lang='lat' dir='ltr'>aut</span> <span class='ocrx_word' id='word_1_189' title='bbox 812 3622 886 3717; x_wconf 89' lang='lat' dir='ltr'>tpes</span> <span class='ocrx_word' id='word_1_190' title='bbox 909 3623 957 3697; x_wconf 87' lang='lat' dir='ltr'>est</span> <span class='ocrx_word' id='word_1_191' title='bbox 983 3678 992 3708; x_wconf 91' lang='lat'>,</span> <span class='ocrx_word' id='word_1_192' title='bbox 1017 3627 1095 3697; x_wconf 89' lang='lat' dir='ltr'>tore</span> <span class='ocrx_word' id='word_1_193' title='bbox 1119 3636 1159 3699; x_wconf 92' lang='lat' dir='ltr'>ut</span> <span class='ocrx_word' id='word_1_194' title='bbox 1180 3617 1317 3691; x_wconf 77' lang='lat' dir='ltr'>sanetur</span> 
     </span>
     <span class='ocr_line' id='line_1_29' title="bbox 266 3705 1317 3813; baseline -0.002 -20"><span class='ocrx_word' id='word_1_195' title='bbox 266 3719 488 3813; x_wconf 87' lang='lat' dir='ltr'>aliquando,-</span> <span class='ocrx_word' id='word_1_196' title='bbox 511 3723 777 3797; x_wconf 89' lang='lat' dir='ltr'>matrimonium</span> <span class='ocrx_word' id='word_1_197' title='bbox 813 3737 926 3797; x_wconf 88' lang='lat' dir='ltr'>tatum</span> <span class='ocrx_word' id='word_1_198' title='bbox 954 3720 1165 3805; x_wconf 86' lang='lat' dir='ltr'>contrahit,</span> <span class='ocrx_word' id='word_1_199' title='bbox 1187 3705 1213 3792; x_wconf 81' lang='lat' dir='ltr'><strong>fi</strong></span> <span class='ocrx_word' id='word_1_200' title='bbox 1238 3739 1317 3811; x_wconf 81' lang='lat' dir='ltr'>paru</span> 
     </span>
     <span class='ocr_line' id='line_1_30' title="bbox 265 3815 1315 3914; baseline -0.006 -18"><span class='ocrx_word' id='word_1_201' title='bbox 265 3820 372 3896; x_wconf 82' lang='lat' dir='ltr'>attera</span> <span class='ocrx_word' id='word_1_202' title='bbox 392 3824 533 3895; x_wconf 86' lang='lat' dir='ltr'>noverit</span> <span class='ocrx_word' id='word_1_203' title='bbox 551 3824 823 3914; x_wconf 83' lang='lat' dir='ltr'>impotentinm3</span> <span class='ocrx_word' id='word_1_204' title='bbox 846 3826 890 3896; x_wconf 90' lang='lat' dir='ltr'>ita</span> <span class='ocrx_word' id='word_1_205' title='bbox 905 3840 943 3896; x_wconf 91' lang='lat' dir='ltr'>ut</span> <span class='ocrx_word' id='word_1_206' title='bbox 958 3824 1071 3896; x_wconf 88' lang='lat' dir='ltr'>dirimi</span> <span class='ocrx_word' id='word_1_207' title='bbox 1093 3830 1169 3895; x_wconf 86' lang='lat' dir='ltr'>non¹</span> <span class='ocrx_word' id='word_1_208' title='bbox 1190 3815 1315 3911; x_wconf 59' lang='lat' dir='ltr'>politti</span> 
     </span>
     <span class='ocr_line' id='line_1_31' title="bbox 265 3919 1319 4016; baseline -0.003 -23"><span class='ocrx_word' id='word_1_209' title='bbox 265 3924 429 4015; x_wconf 83' lang='lat' dir='ltr'>quamvis</span> <span class='ocrx_word' id='word_1_210' title='bbox 462 3942 538 3994; x_wconf 84' lang='lat' dir='ltr'>eam</span> <span class='ocrx_word' id='word_1_211' title='bbox 572 3925 744 4015; x_wconf 87' lang='lat' dir='ltr'>temporis</span> <span class='ocrx_word' id='word_1_212' title='bbox 775 3919 982 4015; x_wconf 80' lang='lat' dir='ltr'>progreffu‚</span> <span class='ocrx_word' id='word_1_213' title='bbox 1013 3925 1119 4016; x_wconf 78' lang='lat' dir='ltr'>tique</span> <span class='ocrx_word' id='word_1_214' title='bbox 1142 3920 1319 3992; x_wconf 77' lang='lat' dir='ltr'>remedio·</span> 
     </span>
     <span class='ocr_line' id='line_1_32' title="bbox 266 4013 1319 4113; baseline -0.004 -20"><span class='ocrx_word' id='word_1_215' title='bbox 266 4041 348 4095; x_wconf 88' lang='lat' dir='ltr'>rum</span> <span class='ocrx_word' id='word_1_216' title='bbox 366 4025 523 4094; x_wconf 88' lang='lat' dir='ltr'>amoveri</span> <span class='ocrx_word' id='word_1_217' title='bbox 550 4044 624 4094; x_wconf 93' lang='lat' dir='ltr'>non</span> <span class='ocrx_word' id='word_1_218' title='bbox 656 4024 856 4113; x_wconf 68' lang='lat' dir='ltr'>contingam</span> <span class='ocrx_word' id='word_1_219' title='bbox 902 4020 989 4096; x_wconf 88' lang='lat' dir='ltr'>Non</span> <span class='ocrx_word' id='word_1_220' title='bbox 1013 4022 1098 4099; x_wconf 86' lang='lat' dir='ltr'>alius</span> <span class='ocrx_word' id='word_1_221' title='bbox 1126 4013 1174 4094; x_wconf 82' lang='lat' dir='ltr'>est</span> <span class='ocrx_word' id='word_1_222' title='bbox 1204 4013 1319 4090; x_wconf 73' lang='lat' dir='ltr'>sensui</span> 
     </span>
     <span class='ocr_line' id='line_1_33' title="bbox 266 4115 1317 4217; baseline -0.005 -24"><span class='ocrx_word' id='word_1_223' title='bbox 266 4126 460 4195; x_wconf 72' lang='lat' dir='ltr'>verborum</span> <span class='ocrx_word' id='word_1_224' title='bbox 485 4127 516 4199; x_wconf 81' lang='lat' dir='ltr'>S,</span> <span class='ocrx_word' id='word_1_225' title='bbox 531 4120 687 4197; x_wconf 69' lang='lat' dir='ltr'>Titiae,</span> <span class='ocrx_word' id='word_1_226' title='bbox 713 4120 797 4194; x_wconf 82' lang='lat' dir='ltr'>loco</span> <span class='ocrx_word' id='word_1_227' title='bbox 823 4128 912 4195; x_wconf 78' lang='lat' dir='ltr'>moi&lt;</span> <span class='ocrx_word' id='word_1_228' title='bbox 935 4121 1092 4195; x_wconf 88' lang='lat' dir='ltr'>indicato</span> <span class='ocrx_word' id='word_1_229' title='bbox 1115 4121 1150 4193; x_wconf 88' lang='lat' dir='ltr'>in</span> <span class='ocrx_word' id='word_1_230' title='bbox 1170 4115 1317 4217; x_wconf 63' lang='lat' dir='ltr'>respon:</span> 
     </span>
     <span class='ocr_line' id='line_1_34' title="bbox 265 4216 1319 4318; baseline -0.007 -25"><span class='ocrx_word' id='word_1_231' title='bbox 265 4217 366 4293; x_wconf 83' lang='lat' dir='ltr'>sione</span> <span class='ocrx_word' id='word_1_232' title='bbox 389 4222 432 4293; x_wconf 89' lang='lat' dir='ltr'>ad</span> <span class='ocrx_word' id='word_1_233' title='bbox 463 4228 658 4318; x_wconf 77' lang='lat' dir='ltr'>quartum:</span> <span class='ocrx_word' id='word_1_234' title='bbox 687 4267 740 4310; x_wconf 67' lang='grc'>,,,,</span> <span class='ocrx_word' id='word_1_235' title='bbox 770 4218 810 4294; x_wconf 89' lang='lat' dir='ltr'>ln</span> <span class='ocrx_word' id='word_1_236' title='bbox 837 4220 999 4316; x_wconf 82' lang='lat' dir='ltr'>quolibet</span> <span class='ocrx_word' id='word_1_237' title='bbox 1028 4216 1199 4312; x_wconf 72' lang='lat' dir='ltr'>(inquit)</span> <span class='ocrx_word' id='word_1_238' title='bbox 1229 4237 1319 4289; x_wconf 80' lang='lat' dir='ltr'>con-</span> 
     </span>
     <span class='ocr_line' id='line_1_35' title="bbox 267 4312 1319 4417; baseline -0.007 -24"><span class='ocrx_word' id='word_1_239' title='bbox 267 4318 380 4393; x_wconf 78' lang='lat' dir='ltr'>aranu</span> <span class='ocrx_word' id='word_1_240' title='bbox 403 4320 476 4396; x_wconf 93' lang='lat' dir='ltr'>hoc</span> <span class='ocrx_word' id='word_1_241' title='bbox 502 4320 736 4397; x_wconf 88' lang='lat' dir='ltr'>universaliter</span> <span class='ocrx_word' id='word_1_242' title='bbox 761 4329 923 4412; x_wconf 82' lang='lat' dir='ltr'>tenetur3&#39;</span> <span class='ocrx_word' id='word_1_243' title='bbox 949 4321 1050 4417; x_wconf 91' lang='lat' dir='ltr'>quod</span> <span class='ocrx_word' id='word_1_244' title='bbox 1078 4317 1153 4401; x_wconf 88' lang='lat' dir='ltr'>ilie,</span> <span class='ocrx_word' id='word_1_245' title='bbox 1177 4317 1238 4412; x_wconf 82' lang='lat' dir='ltr'>qui</span> <span class='ocrx_word' id='word_1_246' title='bbox 1269 4312 1319 4387; x_wconf 79' lang='lat' dir='ltr'>est</span> 
     </span>
     <span class='ocr_line' id='line_1_36' title="bbox 266 4410 1415 4514; baseline -0.006 -22"><span class='ocrx_word' id='word_1_247' title='bbox 266 4421 450 4510; x_wconf 88' lang='lat' dir='ltr'>impotens</span> <span class='ocrx_word' id='word_1_248' title='bbox 471 4425 514 4496; x_wconf 90' lang='lat' dir='ltr'>ad</span> <span class='ocrx_word' id='word_1_249' title='bbox 536 4420 743 4496; x_wconf 81' lang='lat' dir='ltr'>solvendum</span> <span class='ocrx_word' id='word_1_250' title='bbox 765 4418 919 4514; x_wconf 70' lang='lat' dir='ltr'>aliquid,</span> <span class='ocrx_word' id='word_1_251' title='bbox 935 4444 1008 4494; x_wconf 87' lang='lat' dir='ltr'>non</span> <span class='ocrx_word' id='word_1_252' title='bbox 1034 4418 1215 4512; x_wconf 84' lang='lat' dir='ltr'>reputatur</span> <span class='ocrx_word' id='word_1_253' title='bbox 1241 4410 1321 4485; x_wconf 65' lang='lat' dir='ltr'>idos</span> <span class='ocrx_word' id='word_1_254' title='bbox 1410 4469 1415 4480; x_wconf 89' lang='lat'>.</span> 
     </span>
    </p>
   </div>
   <div class='ocr_carea' id='block_1_8' title="bbox 266 4511 1324 4699">
    <p class='ocr_par' dir='ltr' id='par_1_9' title="bbox 266 4511 1324 4699">
     <span class='ocr_line' id='line_1_37' title="bbox 266 4511 1324 4622; baseline -0.011 -25"><span class='ocrx_word' id='word_1_255' title='bbox 266 4541 356 4597; x_wconf 88' lang='lat' dir='ltr'>neus</span> <span class='ocrx_word' id='word_1_256' title='bbox 379 4522 423 4595; x_wconf 92' lang='lat' dir='ltr'>ad</span> <span class='ocrx_word' id='word_1_257' title='bbox 460 4520 687 4598; x_wconf 72' lang='lat' dir='ltr'>contraitum</span> <span class='ocrx_word' id='word_1_258' title='bbox 708 4520 806 4599; x_wconf 88' lang='lat' dir='ltr'>iilum</span> <span class='ocrx_word' id='word_1_259' title='bbox 823 4573 832 4601; x_wconf 88' lang='lat'><strong>‚</strong></span> <span class='ocrx_word' id='word_1_260' title='bbox 852 4543 928 4619; x_wconf 88' lang='lat' dir='ltr'>quo</span> <span class='ocrx_word' id='word_1_261' title='bbox 956 4519 989 4597; x_wconf 84' lang='lat' dir='ltr'>ie</span> <span class='ocrx_word' id='word_1_262' title='bbox 1013 4519 1149 4616; x_wconf 85' lang='lat' dir='ltr'>obligat</span> <span class='ocrx_word' id='word_1_263' title='bbox 1165 4511 1214 4622; x_wconf 84' lang='lat' dir='ltr'>ad</span> <span class='ocrx_word' id='word_1_264' title='bbox 1245 4512 1324 4604; x_wconf 76' lang='lat' dir='ltr'>riui</span> 
     </span>
     <span class='ocr_line' id='line_1_38' title="bbox 318 4609 1269 4699; baseline -0.007 -3"><span class='ocrx_word' id='word_1_265' title='bbox 318 4618 417 4696; x_wconf 77' lang='lat' dir='ltr'>Turn·</span> <span class='ocrx_word' id='word_1_266' title='bbox 446 4620 481 4699; x_wconf 90' lang='lat' dir='ltr'><em>V</em></span> <span class='ocrx_word' id='word_1_267' title='bbox 490 4624 521 4692; x_wconf 78' lang='lat' dir='ltr'>l·</span> <span class='ocrx_word' id='word_1_268' title='bbox 797 4609 834 4694; x_wconf 81' lang='lat' dir='ltr'>U</span> <span class='ocrx_word' id='word_1_269' title='bbox 1175 4613 1269 4691; x_wconf 81' lang='lat' dir='ltr'>tulu-</span> 
     </span>
    </p>
   </div>
   <div class='ocr_carea' id='block_1_9' title="bbox 0 0 1857 5425">
    <p class='ocr_par' dir='ltr' id='par_1_10' title="bbox 0 0 1857 5425">
     <span class='ocr_line' id='line_1_39' title="bbox 0 0 1857 5425; baseline 0 0"><span class='ocrx_word' id='word_1_270' title='bbox 0 0 1857 5425; x_wconf 95' lang='lat' dir='ltr'> </span> 
     </span>
    </p>
   </div>
  </div>
 </body>
</html>
