3700 5425
479 472 571 650 rpo'
624 642 626 651 ¹
677 462 1424 650 tlreot'nog.un0ru.ttb.11.·

288 706 291 713 ’
413 740 420 755 ·
486 694 612 788 stater
635 710 841 811 prefatione
857 706 1034 796 Petrum)
1062 711 1098 785 δι
1119 713 1288 809 inprime
1310 724 1425 792 turma
1448 706 1533 811 [ipit

485 813 602 907 scopi,
624 815 661 887 in
685 811 836 887 secunda
860 813 1035 894 nubatis,
1055 811 1090 885 in
1110 819 1210 887 tertia
1237 818 1399 901 damires,
1423 830 1459 887 o
1472 821 1534 909 ju.

485 915 572 981 diere
593 915 628 980 ia
649 914 820 980 mundatus
839 906 961 1003 legibue
982 911 1182 997 decertantes
1202 910 1381 999 sederent;
1402 926 1531 1013 cogni.

485 1013 624 1087 tionem
638 1033 787 1088 eorum»
805 1032 885 1107 quae
905 1011 1173 1086 matrimonium
1187 1011 1358 1106 spetiant,
1381 1038 1455 1090 non
1472 1019 1530 1094 su.

414 1180 416 1196 ,
485 1110 626 1207 scepere
654 1112 730 1187 laici
759 1108 1300 1207 illimagillratue,ltnperatoris
1322 1113 1530 1193 audioritate

486 1211 588 1302 Vulgi
607 1208 756 1302 suffitias
778 1229 1027 1303 perquirentes,
1055 1233 1258 1304 amatamque
1280 1220 1527 1287 advenientiam

484 1308 595 1398 causae
620 1313 794 1404 diligenter
813 1314 1038 1380 examinantes
1054 1357 1064 1391 ‚
1085 1309 1142 1385 sed
1161 1309 1324 1408 Episcopi
1342 1311 1436 1398 itera
1453 1320 1529 1387 Da.

476 1427 591 1506 gnata
606 1412 759 1504 diligenti
773 1406 881 1487 studia
899 1411 1145 1501 perquirentes,
1159 1429 1199 1487 ut
1221 1414 1347 1486 statum
1366 1410 1527 1498 Ecclefigg

478 1509 551 1589 Dei
568 1510 635 1598 ,dr
661 1512 851 1587 christianae
882 1511 993 1607 plebis
1020 1507 1252 1606 perficerent,
1279 1513 1313 1587 δι
1339 1515 1526 1592 conserva·

476 1625 569 1687 tent·
606 1610 722 1703 Quod
753 1625 967 1704 argumento
1001 1610 1077 1686 est.
1111 1612 1330 1705 magistratus
1355 1615 1447 1709 ipius
1467 1618 1525 1709 juo

475 1707 650 1885 Ecclesipr
666 1713 702 1785 in
732 1708 987 1787 constituendis
1018 1711 1234 1788 matrimonii
1260 1704 1525 1808 impedimentis

480 1834 613 1889 anovi
644 1835 675 1895 e.

501 1834 734 1983 gltiicoiaasl.
766 1907 803 1982 in
825 1905 996 2000 responsio
1018 1904 1063 1985 ad
1086 1905 1244 1985 consulta
1266 1907 1527 2008 Bulgarorum.

475 2031 555 2111 cap.
574 2027 610 2084 2.
652 2007 846 2106 spiritualis
878 2005 1054 2085 affinitatis
1076 2008 1373 2105 impedimentum
1395 2017 1527 2091 conlit-

473 2126 575 2187 mat»
602 2111 869 2184 matrimonium
898 2110 1055 2204 patrini,
1078 2111 1132 2184 vel
1157 2107 1311 2186 filiorum
1333 2115 1408 2208 ejus
1437 2139 1522 2194 cum

375 2219 379 2227 '
471 2230 535 2297 ea,
557 2233 663 2308 quarn
685 2231 730 2282 ex
750 2206 847 2284 sacro
869 2206 985 2284 Fonte
1000 2206 1167 2306 suscepit,
1187 2211 1398 2306 prohibens,
1422 2216 1457 2288 ἃ
1474 2220 1521 2290 ir·

394 2370 396 2375 ,
470 2313 581 2386 ritum
611 2310 788 2385 declarans
809 2362 819 2392 ‚
843 2324 951 2404 caput
967 2324 1024 2398 39·
1055 2307 1356 2406 impedimentum
1376 2313 1525 2390 consen·

469 2412 671 2507 guinitatit.
694 2409 730 2484 ἅ
757 2404 932 2484 affinitatis
951 2431 997 2482 ex
1014 2406 1114 2482 sacris
1136 2405 1363 2497 canonibus,
1382 2415 1417 2488 de
1434 2438 1524 2508 prae.

470 2516 575 2607 cipue
596 2510 765 2579 zacharie
785 2508 911 2584 summi
925 2505 1104 2584 Pontinus
1121 2506 1269 2585 decretis
1287 2513 1520 2603 judicandum

470 2610 672 2708 respondet·
697 2662 719 2702 „
744 2607 838 2685 Sacri
868 2631 952 2683 vero
976 2605 1166 2692 Canonea,
1189 2610 1224 2682 &
1250 2617 1425 2704 praecipue
1447 2611 1521 2687 Za·

470 2762 494 2803 „
508 2708 770 2788 chariaesummi
789 2706 942 2785 i’raesulis
963 2709 1126 2783 decreta,
1147 2707 1234 2805 quid
1252 2709 1336 2785 hinc
1358 2714 1521 2806 promul·

469 2826 621 2910 „genn
647 2808 824 2909 Ejscopo
850 2809 964 2885 vestro
990 2812 1093 2883 vobis
1122 2809 1383 2902 explorandum
1411 2814 1520 2887 telin.

469 2966 493 3003 ,‚
508 2914 650 3011 quimus
671 2966 693 3002 ‚‚
714 2964 724 2995 .
749 2932 828 3007 cap.
851 2910 1006 3006 denique
1041 2900 1101 2998 48.
1127 2912 1266 3005 nuptias
1292 2910 1519 3009 quadragesi·

470 3014 558 3087 mali·
581 3028 744 3105 tempore
770 3011 938 3084 celebrari
967 3008 1147 3105 prohibet.

268 3101 403 3199 Mei?
522 3109 725 3188 Concilium
736 3103 1159 3198 Triburienl'eanno895.
1178 3104 1410 3197 celebratum,
1426 3123 1521 3192 noni

266 3198 440 3324 ⁸5¹¹l³1¹5¹¹⁰²
473 3211 590 3289 nullos
601 3212 711 3288 edidit
721 3212 1005 3286 dematrimonio
1015 3232 1182 3285 canones·
1198 3210 1284 3285 Can.
1302 3226 1389 3302 38.υ
1406 3268 1427 3301 ‚,
1455 3216 1519 3290 Pa.

269 3260 360 3341 ω
383 3279 432 3328 ³⁸⁰
472 3330 608 3388 ternam
623 3321 636 3398 (
652 3304 1465 3408 inquit)sequentesauiioritatem,statuimur,
1478 3318 1518 3389 de

470 3412 578 3489 libere
590 3412 799 3505 judicamus,
813 3428 852 3486 ut
864 3409 1017 3508 quisquis
1027 3411 1112 3483 liber
1126 3409 1298 3494 libertam,
1313 3411 1386 3487 hoc
1396 3414 1453 3497 eli.
1470 3434 1518 3493 eit

471 3513 596 3589 ancilla
609 3535 669 3608 per
682 3508 989 3587 manumiffionem
1001 3561 1011 3593 ,
1024 3509 1058 3583 δι
1071 3510 1225 3602 regalem
1237 3510 1460 3614 largitionem
1476 3517 1518 3589 li-

467 3616 592 3688 betam
610 3613 756 3695 latiam,
773 3609 930 3704 legitime
948 3613 983 3684 in
997 3611 1263 3683 matrimonium
1280 3616 1442 3689 duxerit,
1461 3613 1517 3686 uh

470 3716 578 3796 terius
593 3712 721 3787 habere
740 3709 899 3784 debeat..
926 3707 1148 3804 &quamdiu
1164 3707 1220 3785 illa
1239 3713 1359 3793 vivut,
1380 3713 1514 3792 nuttam

471 3814 572 3888 aliam
597 3813 743 3906 accipiat
769 3854 839 3899 ‚‚‚‚

516 3910 606 3988 Can.
616 3925 676 4001 39·
702 3905 843 3993 statuit,
870 3919 910 3981 ut
932 3906 1157 4003 matrimonia
1185 3904 1514 3990 intermulieres&

468 4009 562 4084 viros
583 4007 792 4085 diversarum
810 4009 993 4103 gentium,
1014 4006 1224 4107 diversisque
1238 4012 1372 4108 legibue
1387 4016 1512 4088 viven«

464 4112 556 4185 tium
590 4107 795 4184 contram,
823 4130 899 4182 non
932 4107 1093 4182 obstante
1134 4110 1256 4205 legum
1289 4112 1513 4194 diversitate.

413 4247 415 4256 ·
464 4229 616 4301 quarum
640 4204 945 4301 impersetiionem
968 4205 1127 4286 Ecclefiae
1144 4210 1279 4305 supplet
1296 4215 1508 4301 auiioritas,

466 4324 540 4384 tnta
562 4306 639 4383 sint.
676 4309 712 4384 Si
740 4310 818 4405 quis
837 4306 982 4403 legum,
1002 4309 1301 4386 consuetudinum
1333 4312 1514 4390 diversitaa

466 4420 542 4485 tem
567 4408 745 4494 causatus,
769 4408 1159 4506 alamanniamque
1182 4408 1222 4485 fit
1243 4416 1379 4507 gentis,
1400 4416 1515 4488 duxe-

465 4513 537 4592 rit,
560 4510 604 4588 ad
634 4510 790 4608 priorem
813 4510 927 4588 redire
946 4510 1201 4607 compellatur,
1231 4513 1266 4591 te
1290 4517 1519 4690 poenistennae'

1400 4616 1461 4689 ub·
