3700 5425
582 610 664 693 522
780 582 936 695 Theai.
958 585 1073 696 Dog.
1097 574 1304 676 &stiores
1323 582 1418 681 [ab.
1431 584 1511 682 ΠΙ.

628 812 652 847 ,,
671 751 894 854 Septimum:
913 754 1018 851 Legis
1038 752 1202 835 homone
1221 756 1477 836 observantiam
1498 762 1535 835 i'n
1558 753 1623 839 asi.

579 911 602 950 ,
620 876 696 955 quo
721 853 800 931 casn
828 859 1279 956 pretermittens‚rattone
1303 863 1419 955 gensis
1447 860 1624 956 pertensi.

576 1008 601 1047 „
616 953 716 1053 quod
741 957 841 1031 vitari
866 979 943 1032 non
972 954 1149 1047 potenti
1175 955 1353 1035 serventur
1380 960 1484 1035 verba
1515 960 1625 1059 tegis.

575 1107 600 1147 „
613 1052 728 1154 potest
750 1077 812 1146 per
835 1059 1002 1134 virtutem
1024 1058 1196 1148 equitatis
1218 1078 1237 1131 a
1259 1072 1411 1155 peccato
1441 1058 1623 1154 excns'sri3

575 1206 600 1245 „
618 1155 705 1329 quias
726 1152 905 1251 legislator
930 1177 1014 1236 cum
1046 1155 1106 1236 tasi
1138 1158 1300 1253 periculo
1335 1154 1507 1257 obligasse
1543 1180 1622 1238 non

574 1306 599 1346 „
617 1274 684 1330 cen
698 1264 786 1334 etur·

859 1380 1325 1473 REGULAXs.

574 1509 741 1611 serapin
761 1512 1041 1615 plerumqneex
1064 1527 1348 1611 temperamento
1376 1515 1420 1594 ad
1447 1518 1620 1599 timorem

625 1614 796 1710 proclivi.
814 1630 876 1695 ant
896 1639 944 1699 ex
962 1616 1218 1703 melancholia,
1245 1633 1306 1694 aut
1324 1640 1370 1695 ex
1382 1617 1618 1705 abstinentie,

627 1714 865 1809 ieiuniorum,
879 1716 1101 1815 vigiliarum,
1124 1719 1328 1795 orationum
1350 1719 1619 1795 inmoderatio-

624 1836 671 1893 ne
693 1839 704 1908 ;
728 1814 919 1914 aliquando
952 1839 1001 1895 ex
1028 1816 1162 1893 diaboii
1203 1820 1401 1893 tentatione
1437 1821 1616 1897 oriuntur·

624 1913 875 2011 Quamobrem
893 1937 969 1991 non
989 1914 1218 2013 spiritualibus
1244 1918 1387 2001 sotum,
1409 1915 1467 1993 sed
1485 1939 1618 2015 corpo-

623 2017 751 2091 ralibus
788 2014 967 2094 interdum
990 2016 1153 2093 remediis
1178 2013 1467 2113 scruputosorum
1497 2016 1618 2101 homi·

621 2114 862 2214 num'quies,
887 2114 925 2190 de
951 2114 1185 2215 tranquillitas
1212 2115 1435 2212 procuranda
1465 2114 1525 2193 est.

365 2229 561 2388 :sumsisti
621 2250 656 2331 sii
681 2251 970 2349 scopulosorum
989 2254 1132 2352 generi,
1156 2274 1249 2349 qnos
1266 2254 1372 2328 nimia
1389 2252 1616 2330 abstinentie·

366 2351 556 2451 ninistrans
634 2353 690 2427 vet
710 2351 945 2452 prolixiores,
967 2354 1003 2428 de
1034 2355 1228 2429 crebriores
1258 2351 1528 2438 meditationes,
1552 2368 1616 2432 aut

366 2462 555 2540 deeorpora·
573 2451 697 2547 vigilia
719 2455 754 2528 in
778 2453 874 2532 hanc
905 2455 1153 2550 aegritudinem
1178 2452 1393 2549 impellunt,
1411 2453 1517 2528 verba
1544 2451 1616 2529 Cn·

364 2534 550 2677 masefat
569 2553 674 2669 nonis
697 2554 912 2625 Mediocriter
933 2552 1008 2632 dist.
1029 2569 1064 2647 5·
1090 2556 1146 2622 De
1166 2549 1441 2639 Consecrationr·
1477 2572 1615 2629 conve·

361 2684 544 2758 &iam
567 2667 695 2735 ntuntt
732 2708 754 2747 „
774 2706 796 2745 „
836 2649 972 2731 Nonne
999 2651 1213 2732 rationabilis
1251 2650 1368 2728 homo
1398 2649 1612 2747 dignitatem

363 2763 422 2834 iia
564 2754 717 2838 amittit,
734 2756 797 2854 qui
820 2753 875 2830 vel
893 2753 1065 2850 jejunium
1083 2753 1265 2838 charitati,
1286 2767 1347 2828 ant
1367 2753 1501 2845 vigilias
1521 2774 1612 2849 pra.

562 2850 630 2929 sert
656 2850 769 2932 sensns
788 2856 1003 2951 integritati,
1033 2868 1073 2931 ut
1095 2867 1243 2950 propter
1270 2848 1511 2926 abstinentiam
1542 2854 1611 2926 im·

561 2952 807 3039 moderatam,
829 2969 936 3049 atque
955 2951 1175 3027 indiscretam
1196 2948 1438 3035 Psalmorum,
1456 2950 1508 3024 res
1538 2947 1611 3028 Of.

561 3049 727 3129 ficiorutn
752 3053 1059 3136 decantationem,
1079 3067 1140 3127 aut
1162 3053 1351 3135 amentiae,
1373 3069 1434 3125 ant
1460 3050 1608 3128 tristitia

562 3167 688 3227 notam
711 3155 866 3229 incurrat
893 3206 914 3243 „
931 3149 985 3242 „s
1009 3148 1126 3229 Grave
1153 3164 1273 3227 autern
1302 3204 1313 3236 ,
1338 3171 1380 3223 nc
1410 3148 1604 3227 molestum

560 3247 765 3345 hujusmodi
786 3251 991 3327 hominibus
1013 3247 1175 3328 essenon
1201 3249 1329 3331 debet,
1350 3246 1375 3324 ti
1394 3246 1606 3327 Confessarii

558 3350 740 3446 ipsorum.
765 3352 823 3427 seu
849 3351 1072 3427 conscientia
1112 3346 1383 3433 Moderatores,
1410 3362 1472 3424 aut
1492 3347 1606 3446 Supe-

557 3457 693 3537 riores,
719 3451 915 3543 corporalia
943 3449 1096 3525 remedia
1129 3448 1173 3523 de
1197 3446 1347 3524 consitio
1368 3448 1494 3526 medici
1522 3447 1608 3537 inste

555 3551 743 3646 imperent.
772 3548 916 3631 Dicitur
940 3551 1036 3626 enim
1068 3546 1259 3630 Ecclesrasi.
1276 3558 1337 3639 38.
1362 3547 1542 3641 Airiffimus
1563 3553 1605 3621 de

554 3666 649 3719 terra
672 3668 802 3719 creavit
822 3651 1034 3734 medicinam,
1050 3651 1092 3721 ci*
1112 3653 1171 3717 vir
1193 3651 1333 3738 prudens
1348 3670 1409 3716 non
1431 3642 1603 3719 abborebit

554 3770 639 3822 eam.
664 3748 831 3844 Denique
849 3772 933 3827 cum
946 3744 1426 3846 scrupulosoruminfitmitas
1448 3770 1494 3824 ex
1510 3745 1606 3825 fimi·

552 3846 642 3925 sium
673 3849 856 3934 societate,
882 3851 919 3926 dt
942 3848 992 3925 fre
1021 3848 1226 3924 uectatione
1251 3847 1500 3943 augeatur,ab
1533 3847 1604 3925 iliis

552 3946 759 4045 sejungendi
793 3948 872 4030 sunt
892 3996 902 4025 2
922 3948 965 4028 de.
993 3871 1224 4032 senioribus,
1249 3969 1409 4049 quornm
1444 3959 1532 4025 nota
1556 3947 1605 4031 sse

554 4050 691 4150 pietas,
711 4050 748 4125 do
769 4048 974 4147 prudentia,
997 4046 1230 4144 adjungendi,

819 4197 1329 4306 nacnnnxrr,

551 4329 766 4429 Trepidam,
779 4356 825 4407 ne
837 4331 928 4409 sorte
944 4329 1028 4409 Deo
1050 4329 1364 4429 displiceat‚qnod
1384 4353 1405 4407 a
1426 4331 1532 4408 nobis
1546 4356 1603 4411 re·

605 4431 700 4508 tium
715 4433 948 4516 existimatur,
967 4432 1101 4507 nonest
1114 4431 1384 4532 scruputofieans
1402 4432 1604 4521 indicium,

602 4532 661 4611 sed
683 4533 781 4627 justae
807 4533 983 4613 cautionis
1017 4527 1190 4614 officium·
1461 4633 1510 4706 Be

1504 4655 1549 4719 vs·
