3700 5425
540 470 628 638 aea
715 530 1004 655 Theounoga
1032 535 1247 635 amona
1268 538 1361 632 Lib.
1394 539 1457 640 n·

547 727 739 807 autequam
764 711 1032 785 matrimonium
1052 731 1136 787 cum
1155 708 1211 787 illa
1233 712 1446 789 contrahere
1471 715 1598 797 catho-

429 872 435 882 .
550 811 624 887 lico
667 815 889 907 permittatur
924 861 936 894 ,
974 807 1176 905 intelligunt
1224 814 1430 906 interpreter
1477 824 1597 913 graeci.

553 950 606 1004 ,·„‚
632 908 746 1003 Quod
779 910 803 982 li
831 911 938 985 fidem
967 908 1128 1006 antptettt
1155 908 1189 985 l'e
1226 912 1314 988 velle
1345 915 1597 996 ltaereticurum

549 1010 794 1110 qull'rtumaut
814 1007 1008 1085 inlidelium
1034 1008 1279 1105 polliceatur,
1310 1034 1393 1088 curn
1419 1038 1465 1088 eo
1497 1025 1594 1114 paci.

551 1114 599 1188 lci
621 1109 839 1207 denuptiia,
860 1127 1073 1184 nontamen
1096 1131 1180 1184 eat,
1210 1130 1399 1209 antequam
1427 1115 1595 1212 promilla

551 1212 775 1309 impleverit.
796 1209 962 1285 celebrari
984 1209 1089 1283 licere
1109 1209 1310 1286 decernitur
1345 1211 1492 1307 (inqut
1527 1224 1596 1284 Za.

551 1332 582 1381 n.
597 1334 663 1381 ras.
671 1316 688 1395 )
701 1304 808 1385 'func
818 1311 914 1385 enim
927 1306 1004 1383 stad
1016 1305 1261 1385 orthodoxam
1273 1309 1595 1400 lidemaccelletit,

421 1427 423 1431 ’
551 1412 814 1507 consequentur
830 1428 979 1506 quoque
997 1411 1130 1504 nuptiae
1162 1465 1217 1502 „,‚
1248 1416 1267 1503 (
1278 1413 1595 1505 t'nqnudrgmnn.)

603 1511 721 1588 Cuuc.
743 1506 941 1603 tlgatlrenle
951 1529 1030 1590 can.
1043 1519 1102 1599 67·
1118 1504 1176 1601 ω’»
1192 1510 1378 1603 Quoniam
1394 1536 1469 1588 uon
1482 1522 1599 1607 oport

552 1612 881 1690 tetcumomnibuc
900 1608 1070 1683 haereticic
1097 1608 1239 1684 miscere
1257 1614 1456 1697 connubia,
1481 1614 1518 1687 &
1542 1614 1602 1690 vel

552 1709 658 1795 lilios,
676 1707 730 1784 ael
743 1706 827 1783 filias
841 1712 934 1788 dare,
947 1706 1003 1782 sed
1019 1712 1138 1803 potius
1154 1713 1324 1804 accipere,
1339 1714 1361 1784 li
1378 1712 1496 1786 tamen
1511 1737 1600 1811 pro·

555 1809 701 1888 fitentur
723 1806 929 1885 christianus
948 1806 1089 1884 futuros
1103 1803 1171 1884 effe
1184 1810 1286 1891 l'e‚&
1309 1812 1505 1888 catholicos
1523 1857 1596 1906 „‚,.

554 1909 723 1988 Refertur
748 1931 824 1984 cau.
852 1908 938 1977 Νωι
964 1914 1223 1997 oportet,caula
1244 1923 1412 2009 28·qu.r

606 2004 811 2087 Concilium
835 2002 1082 2103 Burdigalenle
1097 2031 1194 2083 anno
1212 2025 1385 2103 tranq„
1418 2008 1598 2088 Monean-

553 2121 614 2186 tur
637 2130 746 2205 quam
768 2105 945 2205 lupissime
965 2107 1083 2183 lidelec
1104 2106 1279 2184 chrillioni
1297 2136 1315 2184 a
1334 2115 1396 2186 luis
1413 2113 1599 2210 parochis,

554 2231 602 2286 ne
613 2206 807 2290 hereticis,
825 2208 860 2282 δι
877 2208 1086 2285 hominibus
1097 2232 1115 2282 a
1127 2206 1263 2292 fidem
1279 2212 1450 2307 religione
1472 2213 1598 2286 cathos

553 2306 622 2387 lica
645 2305 792 2393 alienia.
818 2304 911 2383 filios
933 2361 945 2394 ,
968 2307 1003 2382 dt
1023 2305 1106 2382 filiae
1123 2308 1159 2382 in
1185 2312 1451 2416 matrimonium
1478 2313 1598 2387 collo⁴

554 2423 664 2488 centt
691 2405 816 2485 talibus
839 2412 934 2483 enim
954 2408 1160 2506 conjugiis,
1181 2411 1281 2506 quud
1311 2413 1471 2486 dolenter
1500 2410 1596 2487 reses

553 2514 686 2593 timue,
708 2506 874 2605 permulti
890 2507 1114 2602 naufragium
1138 2508 1219 2583 lidei
1236 2509 1429 2599 lecerunt„
1442 2551 1477 2601 „a

604 2606 811 2687 Concilium
833 2602 1044 2684 Turonenle
1063 2630 1158 2683 annu
1187 2620 1293 2699 1583·
1326 2660 1348 2700 „
1365 2664 1386 2699 „
1417 2608 1595 2685 Moneotc

552 2704 731 2805 Apostolu
745 2730 852 2788 acum
871 2732 947 2784 uon
973 2705 1015 2783 fit
1036 2703 1242 2786 ducendum
1260 2710 1387 2805 jugum
1409 2733 1492 2787 cum
1517 2710 1597 2785 inli-

556 2811 716 2895 deltbut.
729 2811 896 2907 nullaque
907 2809 1032 2883 debeat
1049 2805 1116 2884 ell'e
1128 2832 1206 2904 para
1226 2809 1431 2887 fideliacum
1444 2808 1602 2889 infidelit

323 2910 327 2923 '
429 2973 431 2977 .
551 2909 667 3007 fitque
680 2911 949 2988 matrimonium
969 2931 1045 2984 non
1060 2925 1199 2985 tantum
1213 2931 1430 2997 cornorum,
1445 2909 1502 2984 led
1519 2934 1598 3012 ma·

552 3013 608 3107 git
630 3012 826 3087 animarum
848 3009 1077 3103 conjundior
1101 3010 1137 3084 dc
1163 3011 1291 3092 divini,
1309 3010 1526 3109 humanique
1540 3012 1598 3105 ju·

437 3154 439 3157 -
553 3114 601 3185 ria
624 3109 790 3194 societas,
804 3131 915 3206 eaque
930 3111 974 3184 de
987 3109 1084 3186 caula
1110 3133 1233 3185 cavere
1245 3109 1397 3187 debeant
1420 3113 1595 3195 maxime,

553 3212 618 3307 qui
654 3212 924 3286 matrimonium
944 3209 1154 3286 contrahere
1180 3209 1403 3294 defiderant.
1432 3234 1478 3285 ne
1504 3216 1597 3285 inter

555 3310 730 3407 conjuges
757 3329 938 3407 perpetuu
968 3314 1082 3394 rixae.
1110 3309 1294 3385 ueletiam
1320 3308 1464 3385 divortii
1492 3311 1596 3385 relin-

555 3428 685 3503 quatur
711 3410 852 3486 0ccaliu
876 3429 890 3499 3
914 3409 1068 3505 ideoque
1098 3408 1263 3486 catholici
1284 3430 1368 3484 cum
1396 3411 1592 3495 haereticis.

555 3532 717 3604 quorum
730 3511 792 3586 vix
807 3523 887 3598 ,aut
908 3532 1091 3610 nunquam
1103 3506 1248 3604 pellunt
1270 3505 1337 3584 elle
1351 3532 1450 3605 pares
1464 3512 1593 3594 animi,

554 3612 786 3686 matrimonio
809 3612 909 3707 jungi
935 3634 1010 3686 non
1030 3609 1201 3693 debeant,
1231 3605 1461 3686 Eccleliarum
1487 3631 1596 3706 paro-

475 3789 480 3799 ,
553 3709 723 3785 chialium
752 3711 903 3786 rectores
924 3711 1134 3786 hortamur,
1151 3713 1266 3806 eilque
1285 3712 1499 3805 injungimus
1514 3709 1594 3783 litua

554 3812 769 3903 paraecianot
793 3810 991 3887 catholicos
1015 3832 1035 3885 a
1059 3811 1291 3884 matrimoniia¹
1309 3833 1393 3888 curn
1420 3810 1591 3884 haterius

553 3910 717 3986 ineundis
733 3927 863 4007 quanta
882 3925 1055 4007 poterunt
1075 3909 1253 4004 diligentia
1273 3932 1441 4001 arucare3
1459 3905 1597 3985 Catho-

553 4008 629 4084 licis
655 4018 922 4105 permittentca.
949 4025 1025 4086 uta
1053 4010 1277 4107 Spunlalibus
1298 4014 1445 4103 impune
1467 4010 1593 4083 reltlire

555 4106 688 4205 pollrnt
713 4164 725 4196 ‚
746 4133 824 4209 quar
846 4133 907 4208 per
936 4112 1042 4188 verba
1068 4115 1114 4184 de
1150 4110 1273 4186 futuro
1301 4133 1388 4186 cum
1422 4106 1595 4187 haercticic

553 4212 763 4305 ignoranter
786 4214 1032 4286 contraxerint
1055 4260 1122 4301 „„.

344 4322 439 4415 tagla
459 4324 536 4398 eliti-
606 4311 797 4383 luduicus
827 4332 961 4403 magnas
993 4307 1073 4388 Rex
1098 4306 1392 4386 chrillianillrmus
1426 4307 1597 4385 constitu·

344 4409 503 4474 stianiffimi
555 4412 655 4488 tione
676 4411 769 4487 edita
789 4432 886 4485 annu
910 4419 1017 4499 1689·
1040 4407 1172 4493 Gallis,
1188 4413 1224 4485 ἃ
1243 4408 1436 4488 Ditionum
1458 4409 1595 4485 suarum

326 4487 761 4706 &nugmgsshuminibua
784 4510 1054 4613 quibuscunque
1061 4563 1074 4602 .
1097 4512 1279 4621 religionis
1301 4509 1599 4687 catholicffonpo.
