3700 5425
364 647 366 652 .
448 557 517 648 De
543 556 813 647 sacramento
842 507 1117 655 Mananonis
1230 506 1310 652 err

261 732 330 811 bus
348 725 483 824 semper
505 727 683 808 orandum
703 730 773 813 est,
797 752 816 807 a
837 731 1013 828 conjugio
1036 726 1226 826 semper&
1249 750 1312 824 pe.

260 838 358 908 nitus
369 831 573 909 abilineant·
591 829 649 910 Sic
663 833 891 909 ratiocinatur
908 840 939 905 S.
953 835 1191 917 Hieronymus.
1205 827 1263 901 lib·
1276 845 1309 901 1·

259 929 415 1012 adversus
436 928 758 1026 Juvinranum‚cap
790 947 846 1017 19,
871 985 893 1021 „
907 986 929 1019 ‚,
957 929 993 1005 Si
1016 927 1140 1012 Laicus
1160 929 1313 1026 quicun.

261 1052 336 1126 que
355 1028 462 1102 lideiis
486 1050 587 1101 orare
613 1052 688 1103 non
710 1029 849 1125 potest,
895 1028 930 1103 ili
946 1044 1062 1107 careat
1082 1024 1202 1103 officio
1220 1049 1311 1100 con·

260 1128 391 1225 jugali;
418 1126 600 1208 Sacerdoti
619 1129 697 1205 ‚cui
718 1127 852 1221 semper
870 1053 943 1221 rdro
963 1128 1101 1225 populo
1126 1123 1309 1206 offerenda

261 1230 344 1303 sum
359 1226 522 1306 sacrificia
538 1226 695 1323 ,semper
708 1227 882 1307 orandum
904 1231 963 1305 eli.
991 1229 1026 1304 Si
1051 1226 1185 1319 semper
1199 1248 1303 1300 oran·

259 1325 348 1405 dum
370 1327 441 1406 eil,
462 1349 549 1424 ergo
569 1327 700 1418 semper
721 1330 912 1409 carendum
931 1329 1173 1406 matrimonio.
1211 1322 1306 1406 Nam

261 1427 298 1504 aa
317 1432 353 1500 in
377 1429 484 1499 veteri
502 1429 600 1520 lege,
615 1430 675 1521 qui
691 1450 757 1522 pro
775 1429 913 1525 populo
937 1427 1064 1505 hostias
1085 1424 1303 1505 offerebant,

259 1547 337 1605 non
358 1523 470 1604 solum
495 1529 530 1599 in
554 1525 719 1602 domibus
745 1527 809 1601 litis
834 1543 1043 1605 nouerant,
1061 1525 1118 1601 sed
1142 1522 1307 1618 purifica·

260 1623 390 1698 bantur
412 1625 456 1705 ad
479 1641 641 1720 tempus,
660 1628 704 1701 ab
727 1629 898 1705 uxoribus
916 1624 1135 1722 separati,&
1161 1627 1305 1711 vittoni,

221 1736 224 1745 '
261 1723 300 1799 dc
323 1721 464 1802 ficeram
493 1746 567 1799 non
596 1725 784 1808 bibebant,
803 1724 1197 1823 quae'snlontlibidineot
1222 1744 1307 1817 pto·

262 1845 394 1897 vocare
420 1876 488 1913 „‚,.
529 1820 643 1925 Quod
670 1842 789 1905 autem
826 1824 957 1900 Levitis
994 1841 1136 1915 tempus
1162 1821 1317 1917 aliquod,

261 1919 386 2004 utendi
399 1925 557 2015 conjugit
582 1920 788 2005 concellum
804 1920 885 1999 esset
902 1979 911 2008 ,
926 1924 961 1998 id
986 1921 1181 2017 postulabat
1197 1921 1309 1995 divini

264 2022 380 2099 cultos
404 2011 658 2107 necellitas,e⁸o
675 2024 773 2118 quod
798 2027 834 2097 in
859 2046 926 2097 una
953 2023 1008 2097 illa
1031 2024 1123 2098 tribu
1138 2068 1149 2102 ,
1164 2018 1308 2117 ejusque

262 2143 334 2202 una
352 2121 452 2213 llirpe
479 2124 630 2197 tlronita
656 2122 886 2199 sacerdotium
910 2121 996 2198 illud
1019 2137 1118 2197 vetur
1145 2124 1310 2197 contine,
1376 2146 1379 2151 ·

263 2234 381 2303 retur,
407 2219 449 2293 ad
464 2223 563 2311 cujus
584 2227 880 2315 propagationem
902 2224 1088 2297 connubio
1110 2241 1202 2316 opus
1220 2231 1313 2295 rratt
1390 2256 1392 2261 ¹

264 2316 376 2403 Nunc
404 2342 489 2395 vero
512 2344 596 2397 cum
619 2318 769 2402 cessante
798 2322 981 2417 privilegio
1007 2319 1176 2396 Parrum,
1207 2319 1243 2391 δι
1262 2315 1313 2391 sa·
1378 2351 1382 2362 ¹

264 2419 440 2496 miliarum
466 2419 593 2493 ordine
619 2418 880 2513 pretermisso,
906 2445 968 2494 eos
994 2418 1229 2497 Sacerdotes,
1257 2438 1313 2490 ro·

265 2517 398 2602 flores,
423 2541 465 2592 ac
486 2519 659 2594 ministros
684 2517 832 2596 Ecclesia
855 2524 1029 2614 accipiat,
1052 2538 1144 2616 quos
1165 2516 1313 2612 Spiritus

264 2616 397 2693 sendus
427 2625 658 2712 praeparavit,
689 2643 756 2694 nec
781 2623 1012 2716 praerogativa
1035 2635 1181 2693 tetrenae
1204 2617 1315 2708 origi.

265 2720 320 2795 nis
342 2720 501 2793 obtineat
525 2718 729 2798 undionem
754 2739 766 2808 ;
791 2719 846 2795 sed
872 2720 1034 2814 dignatio
1060 2717 1210 2802 coelestis
1238 2737 1319 2810 gra.

265 2821 324 2891 tiae
354 2821 477 2911 gignat
498 2814 754 2906 Sacerdotem3
781 2822 929 2894 minime
949 2814 1082 2895 necesse
1109 2818 1178 2900 est,
1193 2831 1234 2891 ut
1258 2814 1320 2894 Sar

268 2916 429 2996 certiores
444 2920 672 2995 matrimonio
688 2919 920 3011 copulentur;
935 2923 1009 2993 imo
1026 2920 1242 2997 conveniens
1254 2914 1316 3002 est,

267 3033 310 3095 ut
332 3020 543 3090 matrimonii
564 3018 741 3102 vinculis,
764 3020 800 3091 ar
821 3017 1083 3110 impedimentis
1110 3017 1207 3090 liberi
1231 3013 1320 3094 bnt,

268 3110 425 3214 Deoque
449 3139 489 3198 ac
516 3115 642 3194 divinis
672 3116 844 3191 tlltatibus
865 3121 1004 3214 penitus
1029 3117 1242 3211 mancipatis
1271 3113 1289 3186 s
1303 3157 1320 3184 0

267 3214 425 3296 orificiis,
442 3219 616 3294 orationi,
636 3240 752 3291 retum
768 3217 966 3293 divinatum
986 3216 1228 3301 meditationi,
1252 3214 1320 3284 mi·

266 3315 410 3387 nillerio
436 3318 555 3398 verbi,
574 3315 729 3389 fidelium
757 3314 979 3392 edificationi
1003 3330 1101 3389 totos
1119 3314 1149 3388 se
1165 3311 1319 3400 dedantt

268 3435 355 3506 quas
382 3413 463 3490 lacti
487 3416 663 3498 ministerii
687 3414 883 3496 sunsliones
903 3439 956 3489 res
978 3413 1199 3506 coniugalis,
1224 3432 1318 3491 uxo-

265 3510 382 3608 risque
413 3535 453 3586 ac
478 3512 629 3589 liliorum
649 3538 763 3598 cura,
792 3517 828 3588 dr
853 3519 900 3588 rei
928 3514 1099 3588 familiaris
1131 3508 1317 3595 solicitudo

266 3609 463 3718 plurimum
480 3616 731 3695 interturbant,
750 3615 1004 3711 &impediunt
1031 3610 1112 3708 Qt‘
1130 3616 1223 3689 enirn
1245 3629 1318 3684 cunt

266 3733 371 3778 uxore
391 3709 457 3795 esi,
479 3709 629 3797 solicitus
649 3710 712 3789 ed,
730 3736 797 3805 quar
817 3712 894 3797 sunt
919 3716 1048 3797 mundi,
1066 3715 1220 3806 quomodo
1245 3710 1318 3801 pla*

267 3831 340 3877 erat
362 3814 485 3890 uxori,
508 3814 550 3882 (θ’
572 3811 697 3895 divisus
721 3811 791 3892 τῆς
814 3809 956 3910 (inquit
977 3814 1100 3909 apost.
1120 3804 1318 3902 1.Cor.7.)

264 3892 409 3991 D‘einde
435 3934 504 4005 qua
528 3915 664 3987 ratione
683 3910 817 3987 Fideles
841 3915 883 3987 ad
903 3932 1110 4009 perpetuam
1129 3912 1318 3991 continen-

266 4013 352 4111 tiam
382 4008 562 4085 adhortati
586 4008 701 4107 puiset
721 4012 891 4088 Sacerdos
924 4019 971 4087 rei
1003 4013 1138 4093 uxotiae
1165 4006 1318 4087 vacanss

266 4106 472 4205 Quomodo
491 4133 575 4189 com
591 4112 763 4206 Apostolo
785 4112 901 4187 dicere
916 4108 1054 4205 posset:
1083 4107 1164 4178 Volo
1178 4130 1238 4175 vos
1253 4132 1317 4176 on·
1339 4143 1363 4189 r.
1385 4125 1452 4200 cer,
1469 4141 1498 4213 ς.

264 4230 323 4281 nes
347 4205 403 4294 esst
423 4206 506 4296 ficut
527 4213 679 4301 meipsum
707 4241 719 4289 ;
746 4215 806 4306 qui
826 4227 945 4290 toturn
968 4212 1001 4287 se
1038 4230 1131 4286 curae
1157 4206 1320 4305 pastorali

263 4305 388 4389 dabit,
418 4311 564 4394 uxoris,
589 4309 627 4385 dc
659 4306 815 4386 filiorum
858 4333 942 4386 cura
970 4307 1187 4390 distrosiuti
1214 4305 1321 4407 Quo·

262 4404 381 4484 modo
407 4432 606 4505 pauperum
640 4408 850 4505 singularem
871 4431 992 4484 curam
1018 4421 1142 4499 geret,
1172 4415 1321 4486 omnem

261 4512 476 4618 imprudens
516 4530 663 4614 operam
694 4510 738 4588 ad
760 4507 1064 4596 thesaurizandum
1101 4503 1177 4589 filiis
1198 4504 1215 4584 i
1236 4504 1323 4580 Sin·-

763 4604 799 4692 0
823 4622 851 4729 3
1184 4604 1271 4687 ritu
