<?xml version="1.0" encoding="UTF-8"?>
<!DOCTYPE html PUBLIC "-//W3C//DTD XHTML 1.0 Transitional//EN"
    "http://www.w3.org/TR/xhtml1/DTD/xhtml1-transitional.dtd">
<html xmlns="http://www.w3.org/1999/xhtml" xml:lang="en" lang="en">
 <head>
  <title>
</title>
<meta http-equiv="Content-Type" content="text/html;charset=utf-8" />
  <meta name='ocr-system' content='tesseract 3.04.00' />
  <meta name='ocr-capabilities' content='ocr_page ocr_carea ocr_par ocr_line ocrx_word'/>
</head>
<body>
  <div class='ocr_page' id='page_1' title='image "./theologiadogmat05alexgoog_0120.png"; bbox 0 0 3700 5425; ppageno 0'>
   <div class='ocr_carea' id='block_1_1' title="bbox 422 294 1401 456">
    <p class='ocr_par' dir='ltr' id='par_1_1' title="bbox 422 294 1401 456">
     <span class='ocr_line' id='line_1_1' title="bbox 422 294 1401 456; baseline 0.008 -22"><span class='ocrx_word' id='word_1_1' title='bbox 422 294 427 297; x_wconf 62' lang='grc'><strong>’</strong></span> <span class='ocrx_word' id='word_1_2' title='bbox 494 329 582 435; x_wconf 80' lang='lat' dir='ltr'>raa</span> <span class='ocrx_word' id='word_1_3' title='bbox 664 328 820 435; x_wconf 79' lang='lat' dir='ltr'>Tneal.</span> <span class='ocrx_word' id='word_1_4' title='bbox 842 337 1025 456; x_wconf 67' lang='lat' dir='ltr'>nigra</span> <span class='ocrx_word' id='word_1_5' title='bbox 1052 334 1203 438; x_wconf 76' lang='lat' dir='ltr'>naarai</span> <span class='ocrx_word' id='word_1_6' title='bbox 1232 335 1323 436; x_wconf 74' lang='lat' dir='ltr'>[ru</span> <span class='ocrx_word' id='word_1_7' title='bbox 1340 339 1401 442; x_wconf 61' lang='lat' dir='ltr'>nt</span> 
     </span>
    </p>
   </div>
   <div class='ocr_carea' id='block_1_2' title="bbox 361 512 1571 2092">
    <p class='ocr_par' dir='ltr' id='par_1_2' title="bbox 498 512 1542 1009">
     <span class='ocr_line' id='line_1_2' title="bbox 547 512 1534 616; baseline 0.003 -23"><span class='ocrx_word' id='word_1_8' title='bbox 547 514 738 595; x_wconf 79' lang='lat' dir='ltr'>Praeterea,</span> <span class='ocrx_word' id='word_1_9' title='bbox 750 534 825 590; x_wconf 93' lang='lat' dir='ltr'>non</span> <span class='ocrx_word' id='word_1_10' title='bbox 838 513 887 589; x_wconf 86' lang='lat' dir='ltr'>est</span> <span class='ocrx_word' id='word_1_11' title='bbox 903 513 1138 613; x_wconf 77' lang='lat' dir='ltr'>permittenda</span> <span class='ocrx_word' id='word_1_12' title='bbox 1151 512 1369 594; x_wconf 78' lang='lat' dir='ltr'>cohabitatio</span> <span class='ocrx_word' id='word_1_13' title='bbox 1379 522 1534 616; x_wconf 68' lang='lat' dir='ltr'>aurumi</span> 
     </span>
     <span class='ocr_line' id='line_1_3' title="bbox 498 612 1535 715; baseline 0.005 -23"><span class='ocrx_word' id='word_1_14' title='bbox 498 619 562 715; x_wconf 70' lang='lat' dir='ltr'>qui</span> <span class='ocrx_word' id='word_1_15' title='bbox 585 612 778 712; x_wconf 83' lang='lat' dir='ltr'>desponsari</span> <span class='ocrx_word' id='word_1_16' title='bbox 801 613 880 690; x_wconf 87' lang='lat' dir='ltr'>lunt</span> <span class='ocrx_word' id='word_1_17' title='bbox 906 638 968 711; x_wconf 83' lang='lat' dir='ltr'>per</span> <span class='ocrx_word' id='word_1_18' title='bbox 998 618 1102 690; x_wconf 84' lang='lat' dir='ltr'>rerba</span> <span class='ocrx_word' id='word_1_19' title='bbox 1128 613 1301 692; x_wconf 77' lang='lat' dir='ltr'>duntaxat</span> <span class='ocrx_word' id='word_1_20' title='bbox 1328 619 1375 693; x_wconf 84' lang='lat' dir='ltr'>de</span> <span class='ocrx_word' id='word_1_21' title='bbox 1392 616 1535 706; x_wconf 64' lang='lat' dir='ltr'>futoro,</span> 
     </span>
     <span class='ocr_line' id='line_1_4' title="bbox 499 712 1542 813; baseline 0.002 -20"><span class='ocrx_word' id='word_1_22' title='bbox 499 716 621 813; x_wconf 77' lang='lat' dir='ltr'>quales</span> <span class='ocrx_word' id='word_1_23' title='bbox 648 715 748 798; x_wconf 86' lang='lat' dir='ltr'>i&#39;unt.</span> <span class='ocrx_word' id='word_1_24' title='bbox 771 716 835 809; x_wconf 86' lang='lat' dir='ltr'>qui</span> <span class='ocrx_word' id='word_1_25' title='bbox 859 712 1065 789; x_wconf 82' lang='lat' dir='ltr'>consensum</span> <span class='ocrx_word' id='word_1_26' title='bbox 1091 718 1299 809; x_wconf 83' lang='lat' dir='ltr'>exprimunt</span> <span class='ocrx_word' id='word_1_27' title='bbox 1326 716 1388 793; x_wconf 86' lang='lat' dir='ltr'>iub</span> <span class='ocrx_word' id='word_1_28' title='bbox 1412 724 1542 795; x_wconf 85' lang='lat' dir='ltr'>condi·</span> 
     </span>
     <span class='ocr_line' id='line_1_5' title="bbox 501 811 1537 912; baseline 0.001 -18"><span class='ocrx_word' id='word_1_29' title='bbox 501 819 626 894; x_wconf 69' lang='lat' dir='ltr'>tione,</span> <span class='ocrx_word' id='word_1_30' title='bbox 646 835 754 912; x_wconf 86' lang='lat' dir='ltr'>quarn</span> <span class='ocrx_word' id='word_1_31' title='bbox 781 812 901 910; x_wconf 84' lang='lat' dir='ltr'>postea</span> <span class='ocrx_word' id='word_1_32' title='bbox 923 811 1140 909; x_wconf 81' lang='lat' dir='ltr'>implendam</span> <span class='ocrx_word' id='word_1_33' title='bbox 1172 812 1333 906; x_wconf 79' lang='lat' dir='ltr'>socrant:</span> <span class='ocrx_word' id='word_1_34' title='bbox 1361 815 1442 894; x_wconf 86' lang='lat' dir='ltr'>Nee</span> <span class='ocrx_word' id='word_1_35' title='bbox 1471 842 1537 895; x_wconf 73' lang='grc' dir='ltr'>ιοι</span> 
     </span>
     <span class='ocr_line' id='line_1_6' title="bbox 501 911 1541 1009; baseline -0.007 -17"><span class='ocrx_word' id='word_1_36' title='bbox 501 929 606 993; x_wconf 68' lang='lat' dir='ltr'>torn,</span> <span class='ocrx_word' id='word_1_37' title='bbox 630 929 786 1009; x_wconf 91' lang='lat' dir='ltr'>quotum</span> <span class='ocrx_word' id='word_1_38' title='bbox 808 911 902 989; x_wconf 83' lang='lat' dir='ltr'>forte</span> <span class='ocrx_word' id='word_1_39' title='bbox 930 913 1067 989; x_wconf 89' lang='lat' dir='ltr'>nullum</span> <span class='ocrx_word' id='word_1_40' title='bbox 1087 913 1137 988; x_wconf 86' lang='lat' dir='ltr'>est</span> <span class='ocrx_word' id='word_1_41' title='bbox 1158 917 1425 992; x_wconf 81' lang='lat' dir='ltr'>matrimonium</span> <span class='ocrx_word' id='word_1_42' title='bbox 1445 971 1456 1003; x_wconf 91' lang='lat'>‚</span> <span class='ocrx_word' id='word_1_43' title='bbox 1475 918 1541 994; x_wconf 79' lang='lat' dir='ltr'>de.</span> 
     </span>
    </p>

    <p class='ocr_par' dir='ltr' id='par_1_3' title="bbox 361 1011 1571 2092">
     <span class='ocr_line' id='line_1_7' title="bbox 446 1011 1537 1111; baseline -0.005 -20"><span class='ocrx_word' id='word_1_44' title='bbox 446 1059 448 1064; x_wconf 94' lang='lat'>·</span> <span class='ocrx_word' id='word_1_45' title='bbox 500 1014 595 1093; x_wconf 73' lang='lat' dir='ltr'>fellu</span> <span class='ocrx_word' id='word_1_46' title='bbox 618 1013 767 1111; x_wconf 81' lang='lat' dir='ltr'>legitimi</span> <span class='ocrx_word' id='word_1_47' title='bbox 791 1011 977 1089; x_wconf 76' lang='lat' dir='ltr'>consensus</span> <span class='ocrx_word' id='word_1_48' title='bbox 994 1068 1004 1095; x_wconf 90' lang='lat'>,</span> <span class='ocrx_word' id='word_1_49' title='bbox 1024 1012 1143 1108; x_wconf 80' lang='lat' dir='ltr'>quales</span> <span class='ocrx_word' id='word_1_50' title='bbox 1173 1015 1279 1099; x_wconf 79' lang='lat' dir='ltr'>i&#39;unt,</span> <span class='ocrx_word' id='word_1_51' title='bbox 1306 1020 1366 1106; x_wconf 84' lang='lat' dir='ltr'>qui</span> <span class='ocrx_word' id='word_1_52' title='bbox 1386 1015 1537 1093; x_wconf 82' lang='lat' dir='ltr'>consem</span> 
     </span>
     <span class='ocr_line' id='line_1_8' title="bbox 501 1112 1538 1209; baseline 0.002 -18"><span class='ocrx_word' id='word_1_53' title='bbox 501 1113 580 1193; x_wconf 88' lang='lat' dir='ltr'>sum</span> <span class='ocrx_word' id='word_1_54' title='bbox 608 1114 813 1209; x_wconf 81' lang='lat' dir='ltr'>exprimunt</span> <span class='ocrx_word' id='word_1_55' title='bbox 842 1113 903 1188; x_wconf 84' lang='lat' dir='ltr'>iub</span> <span class='ocrx_word' id='word_1_56' title='bbox 936 1112 1143 1187; x_wconf 85' lang='lat' dir='ltr'>conditione</span> <span class='ocrx_word' id='word_1_57' title='bbox 1173 1113 1217 1186; x_wconf 88' lang='lat' dir='ltr'>de</span> <span class='ocrx_word' id='word_1_58' title='bbox 1249 1117 1453 1206; x_wconf 80' lang='lat' dir='ltr'>praeterito,</span> <span class='ocrx_word' id='word_1_59' title='bbox 1483 1117 1538 1194; x_wconf 79' lang='lat' dir='ltr'>rei</span> 
     </span>
     <span class='ocr_line' id='line_1_9' title="bbox 361 1211 1571 1315; baseline 0.003 -28"><span class='ocrx_word' id='word_1_60' title='bbox 361 1261 365 1268; x_wconf 90' lang='lat'>-</span> <span class='ocrx_word' id='word_1_61' title='bbox 502 1214 682 1315; x_wconf 83' lang='lat' dir='ltr'>praesenti,</span> <span class='ocrx_word' id='word_1_62' title='bbox 701 1232 780 1309; x_wconf 83' lang='lat' dir='ltr'>quaa</span> <span class='ocrx_word' id='word_1_63' title='bbox 794 1233 869 1288; x_wconf 88' lang='lat' dir='ltr'>non</span> <span class='ocrx_word' id='word_1_64' title='bbox 887 1224 1007 1303; x_wconf 80' lang='lat' dir='ltr'>extat3</span> <span class='ocrx_word' id='word_1_65' title='bbox 1029 1211 1162 1307; x_wconf 76' lang='lat' dir='ltr'>alioqui</span> <span class='ocrx_word' id='word_1_66' title='bbox 1181 1214 1235 1287; x_wconf 81' lang='lat' dir='ltr'>ria</span> <span class='ocrx_word' id='word_1_67' title='bbox 1248 1214 1538 1303; x_wconf 83' lang='lat' dir='ltr'>i&#39;cortationibus‚</span> <span class='ocrx_word' id='word_1_68' title='bbox 1569 1298 1571 1303; x_wconf 59' lang='grc'><strong>,</strong></span> 
     </span>
     <span class='ocr_line' id='line_1_10' title="bbox 502 1310 1540 1407; baseline 0.001 -17"><span class='ocrx_word' id='word_1_69' title='bbox 502 1314 542 1390; x_wconf 68' lang='grc' dir='ltr'>ἀ</span> <span class='ocrx_word' id='word_1_70' title='bbox 562 1310 814 1390; x_wconf 77' lang='lat' dir='ltr'>concubinatui</span> <span class='ocrx_word' id='word_1_71' title='bbox 838 1314 1040 1407; x_wconf 74' lang='lat' dir='ltr'>aperueram</span> <span class='ocrx_word' id='word_1_72' title='bbox 1065 1310 1172 1388; x_wconf 85' lang='lat' dir='ltr'>Unde</span> <span class='ocrx_word' id='word_1_73' title='bbox 1197 1313 1234 1385; x_wconf 92' lang='lat' dir='ltr'>in</span> <span class='ocrx_word' id='word_1_74' title='bbox 1254 1310 1457 1406; x_wconf 85' lang='lat' dir='ltr'>hujusmodi</span> <span class='ocrx_word' id='word_1_75' title='bbox 1481 1339 1540 1391; x_wconf 80' lang='lat' dir='ltr'>ca⁴</span> 
     </span>
     <span class='ocr_line' id='line_1_11' title="bbox 502 1410 1556 1504; baseline 0.001 -12"><span class='ocrx_word' id='word_1_76' title='bbox 502 1413 596 1503; x_wconf 72' lang='lat' dir='ltr'>ssbut</span> <span class='ocrx_word' id='word_1_77' title='bbox 620 1411 744 1488; x_wconf 86' lang='lat' dir='ltr'>mulier</span> <span class='ocrx_word' id='word_1_78' title='bbox 773 1410 834 1487; x_wconf 86' lang='lat' dir='ltr'>sub</span> <span class='ocrx_word' id='word_1_79' title='bbox 861 1410 1019 1488; x_wconf 86' lang='lat' dir='ltr'>custodia</span> <span class='ocrx_word' id='word_1_80' title='bbox 1045 1425 1261 1504; x_wconf 84' lang='lat' dir='ltr'>parentum,</span> <span class='ocrx_word' id='word_1_81' title='bbox 1288 1414 1344 1490; x_wconf 79' lang='lat' dir='ltr'>vei</span> <span class='ocrx_word' id='word_1_82' title='bbox 1379 1429 1556 1493; x_wconf 84' lang='lat' dir='ltr'>autorum</span> 
     </span>
     <span class='ocr_line' id='line_1_12' title="bbox 503 1508 1541 1612; baseline 0.002 -25"><span class='ocrx_word' id='word_1_83' title='bbox 503 1533 710 1612; x_wconf 82' lang='lat' dir='ltr'>permanere</span> <span class='ocrx_word' id='word_1_84' title='bbox 736 1508 870 1597; x_wconf 87' lang='lat' dir='ltr'>debet,</span> <span class='ocrx_word' id='word_1_85' title='bbox 894 1511 947 1585; x_wconf 83' lang='lat' dir='ltr'>ael</span> <span class='ocrx_word' id='word_1_86' title='bbox 972 1512 1009 1585; x_wconf 88' lang='lat' dir='ltr'>in</span> <span class='ocrx_word' id='word_1_87' title='bbox 1030 1508 1281 1587; x_wconf 79' lang='lat' dir='ltr'>monasterium</span> <span class='ocrx_word' id='word_1_88' title='bbox 1307 1510 1339 1585; x_wconf 87' lang='lat' dir='ltr'>se</span> <span class='ocrx_word' id='word_1_89' title='bbox 1362 1516 1541 1607; x_wconf 74' lang='lat' dir='ltr'>recipere.</span> 
     </span>
     <span class='ocr_line' id='line_1_13' title="bbox 500 1609 1540 1713; baseline 0.001 -24"><span class='ocrx_word' id='word_1_90' title='bbox 500 1610 632 1713; x_wconf 79' lang='lat' dir='ltr'>procul</span> <span class='ocrx_word' id='word_1_91' title='bbox 657 1634 677 1687; x_wconf 90' lang='lat' dir='ltr'>a</span> <span class='ocrx_word' id='word_1_92' title='bbox 695 1609 934 1687; x_wconf 85' lang='lat' dir='ltr'>contubernio</span> <span class='ocrx_word' id='word_1_93' title='bbox 960 1609 1052 1694; x_wconf 82' lang='lat' dir='ltr'>viri.</span> <span class='ocrx_word' id='word_1_94' title='bbox 1076 1612 1138 1707; x_wconf 87' lang='lat' dir='ltr'>qui</span> <span class='ocrx_word' id='word_1_95' title='bbox 1159 1610 1309 1686; x_wconf 84' lang='lat' dir='ltr'>comita</span> <span class='ocrx_word' id='word_1_96' title='bbox 1337 1618 1540 1698; x_wconf 75' lang='lat' dir='ltr'>contraxit.</span> 
     </span>
     <span class='ocr_line' id='line_1_14' title="bbox 503 1707 1542 1807; baseline 0.001 -19"><span class='ocrx_word' id='word_1_97' title='bbox 503 1709 624 1788; x_wconf 86' lang='lat' dir='ltr'>donee</span> <span class='ocrx_word' id='word_1_98' title='bbox 635 1707 832 1786; x_wconf 85' lang='lat' dir='ltr'>absolutum</span> <span class='ocrx_word' id='word_1_99' title='bbox 844 1707 1051 1786; x_wconf 86' lang='lat' dir='ltr'>consensum</span> <span class='ocrx_word' id='word_1_100' title='bbox 1076 1713 1189 1784; x_wconf 82' lang='lat' dir='ltr'>verbis</span> <span class='ocrx_word' id='word_1_101' title='bbox 1204 1711 1349 1784; x_wconf 88' lang='lat' dir='ltr'>minime</span> <span class='ocrx_word' id='word_1_102' title='bbox 1367 1715 1542 1807; x_wconf 74' lang='lat' dir='ltr'>ambiguis</span> 
     </span>
     <span class='ocr_line' id='line_1_15' title="bbox 476 1799 1545 1909; baseline 0.003 -22"><span class='ocrx_word' id='word_1_103' title='bbox 476 1799 480 1846; x_wconf 84' lang='lat'><strong>¹</strong></span> <span class='ocrx_word' id='word_1_104' title='bbox 503 1800 752 1906; x_wconf 83' lang='lat' dir='ltr'>expreiletint3</span> <span class='ocrx_word' id='word_1_105' title='bbox 773 1808 908 1909; x_wconf 81' lang='lat' dir='ltr'>alioqui</span> <span class='ocrx_word' id='word_1_106' title='bbox 924 1809 1130 1903; x_wconf 83' lang='lat' dir='ltr'>deneganda</span> <span class='ocrx_word' id='word_1_107' title='bbox 1150 1799 1215 1883; x_wconf 82' lang='lat' dir='ltr'>illis</span> <span class='ocrx_word' id='word_1_108' title='bbox 1235 1806 1314 1884; x_wconf 89' lang='lat' dir='ltr'>sunt</span> <span class='ocrx_word' id='word_1_109' title='bbox 1337 1807 1545 1890; x_wconf 83' lang='lat' dir='ltr'>Sacramen-</span> 
     </span>
     <span class='ocr_line' id='line_1_16' title="bbox 501 1905 1544 2085; baseline 0.004 -101"><span class='ocrx_word' id='word_1_110' title='bbox 501 1922 569 1995; x_wconf 83' lang='lat' dir='ltr'>ta,</span> <span class='ocrx_word' id='word_1_111' title='bbox 598 1921 726 2085; x_wconf 49' lang='lat' dir='ltr'>utssaote</span> <span class='ocrx_word' id='word_1_112' title='bbox 757 1908 794 1984; x_wconf 89' lang='lat' dir='ltr'>in</span> <span class='ocrx_word' id='word_1_113' title='bbox 820 1913 991 2008; x_wconf 85' lang='lat' dir='ltr'>proximo</span> <span class='ocrx_word' id='word_1_114' title='bbox 1026 1908 1196 2005; x_wconf 77' lang='lat' dir='ltr'>peccandi</span> <span class='ocrx_word' id='word_1_115' title='bbox 1224 1909 1384 2006; x_wconf 85' lang='lat' dir='ltr'>periculo</span> <span class='ocrx_word' id='word_1_116' title='bbox 1422 1905 1544 1989; x_wconf 80' lang='lat' dir='ltr'>variari</span> 
     </span>
     <span class='ocr_line' id='line_1_17' title="bbox 499 2011 1062 2092; baseline -0.016 -1"><span class='ocrx_word' id='word_1_117' title='bbox 499 2011 632 2092; x_wconf 64' lang='lat' dir='ltr'>mllll</span> <span class='ocrx_word' id='word_1_118' title='bbox 657 2031 711 2086; x_wconf 75' lang='lat' dir='ltr'>us·</span> <span class='ocrx_word' id='word_1_119' title='bbox 1056 2033 1062 2046; x_wconf 77' lang='grc'><strong>“</strong></span> 
     </span>
    </p>
   </div>
   <div class='ocr_carea' id='block_1_3' title="bbox 604 2118 1409 2278">
    <p class='ocr_par' dir='ltr' id='par_1_4' title="bbox 604 2118 1409 2278">
     <span class='ocr_line' id='line_1_18' title="bbox 604 2118 1409 2278; baseline 0 -4"><span class='ocrx_word' id='word_1_120' title='bbox 604 2224 606 2230; x_wconf 94' lang='grc'><em>·</em></span> <span class='ocrx_word' id='word_1_121' title='bbox 697 2118 1080 2278; x_wconf 43' lang='lat' dir='ltr'>&#39;uuonan</span> <span class='ocrx_word' id='word_1_122' title='bbox 1129 2187 1307 2276; x_wconf 73' lang='lat' dir='ltr'><strong>XXII.</strong></span> <span class='ocrx_word' id='word_1_123' title='bbox 1405 2211 1409 2216; x_wconf 86' lang='grc'><strong>’</strong></span> 
     </span>
    </p>
   </div>
   <div class='ocr_carea' id='block_1_4' title="bbox 504 2322 1546 2551">
    <p class='ocr_par' dir='ltr' id='par_1_5' title="bbox 504 2322 1546 2551">
     <span class='ocr_line' id='line_1_19' title="bbox 504 2322 1546 2530; baseline 0.003 -97"><span class='ocrx_word' id='word_1_124' title='bbox 504 2345 664 2440; x_wconf 77' lang='lat' dir='ltr'>innoti,</span> <span class='ocrx_word' id='word_1_125' title='bbox 680 2350 720 2429; x_wconf 63' lang='grc' dir='ltr'><strong>ὼ</strong></span> <span class='ocrx_word' id='word_1_126' title='bbox 742 2369 898 2431; x_wconf 78' lang='lat' dir='ltr'>amenter</span> <span class='ocrx_word' id='word_1_127' title='bbox 926 2348 1138 2530; x_wconf 47' lang='lat' dir='ltr'>contfrsahzre</span> <span class='ocrx_word' id='word_1_128' title='bbox 1169 2354 1436 2431; x_wconf 75' lang='lat' dir='ltr'>matrimonium</span> <span class='ocrx_word' id='word_1_129' title='bbox 1467 2322 1546 2436; x_wconf 88' lang='lat' dir='ltr'>non</span> 
     </span>
     <span class='ocr_line' id='line_1_20' title="bbox 953 2477 1079 2551; baseline -0.016 -22"><span class='ocrx_word' id='word_1_130' title='bbox 953 2477 1002 2551; x_wconf 86' lang='lat' dir='ltr'>po</span> <span class='ocrx_word' id='word_1_131' title='bbox 1032 2477 1079 2528; x_wconf 90' lang='lat' dir='ltr'>on</span> 
     </span>
    </p>
   </div>
   <div class='ocr_carea' id='block_1_5' title="bbox 469 2601 1545 2772">
    <p class='ocr_par' dir='ltr' id='par_1_6' title="bbox 469 2601 1545 2772">
     <span class='ocr_line' id='line_1_21' title="bbox 469 2601 1545 2772; baseline -0.004 -83"><span class='ocrx_word' id='word_1_132' title='bbox 469 2607 622 2772; x_wconf 71' lang='lat' dir='ltr'>*Ipsae</span> <span class='ocrx_word' id='word_1_133' title='bbox 646 2610 780 2709; x_wconf 81' lang='lat' dir='ltr'>quippe</span> <span class='ocrx_word' id='word_1_134' title='bbox 804 2605 954 2688; x_wconf 84' lang='lat' dir='ltr'>liberum</span> <span class='ocrx_word' id='word_1_135' title='bbox 984 2601 1104 2695; x_wconf 60' lang='lat' dir='ltr'>deeile,</span> <span class='ocrx_word' id='word_1_136' title='bbox 1118 2608 1350 2698; x_wconf 73' lang='lat' dir='ltr'>consensum,</span> <span class='ocrx_word' id='word_1_137' title='bbox 1372 2609 1443 2687; x_wconf 83' lang='lat' dir='ltr'>line</span> <span class='ocrx_word' id='word_1_138' title='bbox 1467 2632 1545 2708; x_wconf 90' lang='lat' dir='ltr'>quo</span> 
     </span>
    </p>
   </div>
   <div class='ocr_carea' id='block_1_6' title="bbox 268 2708 1575 4406">
    <p class='ocr_par' dir='ltr' id='par_1_7' title="bbox 503 2708 1549 3009">
     <span class='ocr_line' id='line_1_22' title="bbox 567 2708 1547 2808; baseline 0 -21"><span class='ocrx_word' id='word_1_139' title='bbox 567 2710 705 2789; x_wconf 87' lang='lat' dir='ltr'>nullum</span> <span class='ocrx_word' id='word_1_140' title='bbox 733 2708 783 2786; x_wconf 83' lang='lat' dir='ltr'>ast</span> <span class='ocrx_word' id='word_1_141' title='bbox 807 2713 1216 2800; x_wconf 57' lang='lat' dir='ltr'>nratrimoniumaorrto</span> <span class='ocrx_word' id='word_1_142' title='bbox 1246 2715 1407 2797; x_wconf 78' lang='lat' dir='ltr'>constat,</span> <span class='ocrx_word' id='word_1_143' title='bbox 1436 2709 1547 2808; x_wconf 83' lang='lat' dir='ltr'>idque</span> 
     </span>
     <span class='ocr_line' id='line_1_23' title="bbox 505 2811 1549 2907; baseline -0.012 -19"><span class='ocrx_word' id='word_1_144' title='bbox 505 2812 660 2890; x_wconf 81' lang='lat' dir='ltr'>declarat</span> <span class='ocrx_word' id='word_1_145' title='bbox 681 2812 885 2881; x_wconf 80' lang='lat' dir='ltr'>Innocentius</span> <span class='ocrx_word' id='word_1_146' title='bbox 895 2815 964 2881; x_wconf 79' lang='grc' dir='ltr'>ΙΙΙ.</span> <span class='ocrx_word' id='word_1_147' title='bbox 980 2835 1058 2907; x_wconf 79' lang='lat' dir='ltr'>cap.</span> <span class='ocrx_word' id='word_1_148' title='bbox 1082 2811 1349 2895; x_wconf 63' lang='lat' dir='ltr'>ostentamina.</span> <span class='ocrx_word' id='word_1_149' title='bbox 1381 2816 1549 2898; x_wconf 72' lang='lat' dir='ltr'>Drinum</span> 
     </span>
     <span class='ocr_line' id='line_1_24' title="bbox 503 2907 1547 3009; baseline 0.006 -29"><span class='ocrx_word' id='word_1_150' title='bbox 503 2908 1053 3009; x_wconf 69' lang='lat' dir='ltr'>[aiibns&#39;‚&amp;Marrr&#39;monio‚cujua</span> <span class='ocrx_word' id='word_1_151' title='bbox 1066 2910 1360 2989; x_wconf 83' lang='lat' dir='ltr'>haecsuntverba:</span> <span class='ocrx_word' id='word_1_152' title='bbox 1381 2962 1402 3004; x_wconf 83' lang='lat'>,·,</span> <span class='ocrx_word' id='word_1_153' title='bbox 1415 2968 1436 3004; x_wconf 84' lang='lat'>„</span> <span class='ocrx_word' id='word_1_154' title='bbox 1450 2907 1547 2986; x_wconf 86' lang='lat' dir='ltr'>Cum</span> 
     </span>
    </p>

    <p class='ocr_par' dir='ltr' id='par_1_8' title="bbox 268 3008 1575 3405">
     <span class='ocr_line' id='line_1_25' title="bbox 430 3008 1547 3112; baseline -0.001 -25"><span class='ocrx_word' id='word_1_155' title='bbox 430 3042 434 3048; x_wconf 91' lang='lat'>·</span> <span class='ocrx_word' id='word_1_156' title='bbox 507 3011 632 3087; x_wconf 83' lang='lat' dir='ltr'>eadem</span> <span class='ocrx_word' id='word_1_157' title='bbox 654 3008 780 3088; x_wconf 86' lang='lat' dir='ltr'>mullet</span> <span class='ocrx_word' id='word_1_158' title='bbox 806 3010 988 3108; x_wconf 81' lang='lat' dir='ltr'>cumipse</span> <span class='ocrx_word' id='word_1_159' title='bbox 1019 3014 1121 3097; x_wconf 85' lang='lat' dir='ltr'>viro,</span> <span class='ocrx_word' id='word_1_160' title='bbox 1140 3016 1201 3112; x_wconf 87' lang='lat' dir='ltr'>qui</span> <span class='ocrx_word' id='word_1_161' title='bbox 1225 3015 1398 3087; x_wconf 86' lang='lat' dir='ltr'>continuo</span> <span class='ocrx_word' id='word_1_162' title='bbox 1425 3011 1547 3086; x_wconf 80' lang='lat' dir='ltr'>furore</span> 
     </span>
     <span class='ocr_line' id='line_1_26' title="bbox 268 3107 1547 3208; baseline -0.003 -20"><span class='ocrx_word' id='word_1_163' title='bbox 268 3178 272 3203; x_wconf 75' lang='grc'>,</span> <span class='ocrx_word' id='word_1_164' title='bbox 506 3107 666 3203; x_wconf 74' lang='lat' dir='ltr'>laborat.</span> <span class='ocrx_word' id='word_1_165' title='bbox 686 3112 817 3187; x_wconf 89' lang='lat' dir='ltr'>morari</span> <span class='ocrx_word' id='word_1_166' title='bbox 834 3135 909 3188; x_wconf 88' lang='lat' dir='ltr'>non</span> <span class='ocrx_word' id='word_1_167' title='bbox 930 3107 1035 3208; x_wconf 81' lang='lat' dir='ltr'>poffit</span> <span class='ocrx_word' id='word_1_168' title='bbox 1050 3165 1061 3197; x_wconf 90' lang='lat'>‚</span> <span class='ocrx_word' id='word_1_169' title='bbox 1078 3112 1114 3186; x_wconf 68' lang='grc' dir='ltr'><strong>ἃ</strong></span> <span class='ocrx_word' id='word_1_170' title='bbox 1136 3125 1282 3208; x_wconf 84' lang='lat' dir='ltr'>propter</span> <span class='ocrx_word' id='word_1_171' title='bbox 1299 3110 1547 3185; x_wconf 83' lang='lat' dir='ltr'>alienationem</span> 
     </span>
     <span class='ocr_line' id='line_1_27' title="bbox 423 3211 1575 3309; baseline -0.004 -22"><span class='ocrx_word' id='word_1_172' title='bbox 423 3294 425 3298; x_wconf 51' lang='grc'>,</span> <span class='ocrx_word' id='word_1_173' title='bbox 500 3211 633 3287; x_wconf 74' lang='lat' dir='ltr'>&#39;furoris</span> <span class='ocrx_word' id='word_1_174' title='bbox 659 3211 837 3309; x_wconf 72' lang='lat' dir='ltr'>legitimus</span> <span class='ocrx_word' id='word_1_175' title='bbox 874 3234 949 3287; x_wconf 93' lang='lat' dir='ltr'>non</span> <span class='ocrx_word' id='word_1_176' title='bbox 980 3213 1137 3307; x_wconf 86' lang='lat' dir='ltr'>potuerit</span> <span class='ocrx_word' id='word_1_177' title='bbox 1163 3212 1374 3284; x_wconf 85' lang='lat' dir='ltr'>intervenire</span> <span class='ocrx_word' id='word_1_178' title='bbox 1398 3211 1575 3308; x_wconf 45' lang='lat' dir='ltr'>cuniam,</span> 
     </span>
     <span class='ocr_line' id='line_1_28' title="bbox 505 3302 1548 3405; baseline -0.002 -21"><span class='ocrx_word' id='word_1_179' title='bbox 505 3309 586 3385; x_wconf 81' lang='lat' dir='ltr'>suar</span> <span class='ocrx_word' id='word_1_180' title='bbox 610 3311 818 3387; x_wconf 76' lang='lat' dir='ltr'>mandamus</span> <span class='ocrx_word' id='word_1_181' title='bbox 836 3356 848 3393; x_wconf 64' lang='lat' dir='ltr'>a</span> <span class='ocrx_word' id='word_1_182' title='bbox 868 3302 1089 3405; x_wconf 84' lang='lat' dir='ltr'>quatenurll</span> <span class='ocrx_word' id='word_1_183' title='bbox 1111 3330 1186 3383; x_wconf 85' lang='lat' dir='ltr'>rem</span> <span class='ocrx_word' id='word_1_184' title='bbox 1214 3309 1354 3382; x_wconf 85' lang='lat' dir='ltr'>noveris</span> <span class='ocrx_word' id='word_1_185' title='bbox 1381 3311 1427 3384; x_wconf 87' lang='lat' dir='ltr'>ita</span> <span class='ocrx_word' id='word_1_186' title='bbox 1452 3305 1548 3397; x_wconf 78' lang='lat' dir='ltr'>elle,</span> 
     </span>
    </p>

    <p class='ocr_par' dir='ltr' id='par_1_9' title="bbox 506 3404 1481 3505">
     <span class='ocr_line' id='line_1_29' title="bbox 506 3404 1481 3505; baseline 0 -23"><span class='ocrx_word' id='word_1_187' title='bbox 506 3406 668 3504; x_wconf 74' lang='lat' dir='ltr'>praefatas</span> <span class='ocrx_word' id='word_1_188' title='bbox 688 3410 852 3505; x_wconf 76' lang='lat' dir='ltr'>personas</span> <span class='ocrx_word' id='word_1_189' title='bbox 873 3432 974 3485; x_wconf 83' lang='lat' dir='ltr'>curra</span> <span class='ocrx_word' id='word_1_190' title='bbox 997 3411 1042 3483; x_wconf 86' lang='lat' dir='ltr'>ab</span> <span class='ocrx_word' id='word_1_191' title='bbox 1063 3409 1213 3482; x_wconf 83' lang='lat' dir='ltr'>laricem</span> <span class='ocrx_word' id='word_1_192' title='bbox 1237 3404 1389 3504; x_wconf 84' lang='lat' dir='ltr'>separare</span> <span class='ocrx_word' id='word_1_193' title='bbox 1409 3459 1431 3499; x_wconf 83' lang='lat'>„</span> <span class='ocrx_word' id='word_1_194' title='bbox 1444 3458 1481 3498; x_wconf 84' lang='lat'>„.</span> 
     </span>
    </p>

    <p class='ocr_par' dir='ltr' id='par_1_10' title="bbox 505 3501 1552 3701">
     <span class='ocr_line' id='line_1_30' title="bbox 560 3501 1552 3586; baseline -0.003 -3"><span class='ocrx_word' id='word_1_195' title='bbox 560 3507 663 3583; x_wconf 78' lang='lat' dir='ltr'>iiliud</span> <span class='ocrx_word' id='word_1_196' title='bbox 690 3524 807 3582; x_wconf 89' lang='lat' dir='ltr'>tamen</span> <span class='ocrx_word' id='word_1_197' title='bbox 833 3505 1047 3585; x_wconf 85' lang='lat' dir='ltr'>censendum</span> <span class='ocrx_word' id='word_1_198' title='bbox 1068 3501 1176 3586; x_wconf 84' lang='lat' dir='ltr'>est‚sr</span> <span class='ocrx_word' id='word_1_199' title='bbox 1200 3505 1314 3581; x_wconf 90' lang='lat' dir='ltr'>lucida</span> <span class='ocrx_word' id='word_1_200' title='bbox 1336 3507 1478 3583; x_wconf 88' lang='lat' dir='ltr'>haberet</span> <span class='ocrx_word' id='word_1_201' title='bbox 1494 3506 1552 3581; x_wconf 75' lang='lat' dir='ltr'>ln·</span> 
     </span>
     <span class='ocr_line' id='line_1_31' title="bbox 505 3603 1551 3701; baseline 0.002 -20"><span class='ocrx_word' id='word_1_202' title='bbox 505 3603 833 3701; x_wconf 83' lang='lat' dir='ltr'>tervalla‚quando</span> <span class='ocrx_word' id='word_1_203' title='bbox 861 3609 1052 3682; x_wconf 79' lang='lat' dir='ltr'>contraxit.</span> <span class='ocrx_word' id='word_1_204' title='bbox 1092 3603 1199 3682; x_wconf 86' lang='lat' dir='ltr'>Tunc</span> <span class='ocrx_word' id='word_1_205' title='bbox 1227 3629 1320 3680; x_wconf 87' lang='lat' dir='ltr'>enrm</span> <span class='ocrx_word' id='word_1_206' title='bbox 1351 3621 1465 3695; x_wconf 91' lang='lat' dir='ltr'>ratum</span> <span class='ocrx_word' id='word_1_207' title='bbox 1483 3607 1551 3683; x_wconf 84' lang='lat' dir='ltr'>erit</span> 
     </span>
    </p>

    <p class='ocr_par' dir='ltr' id='par_1_11' title="bbox 447 3703 1555 4005">
     <span class='ocr_line' id='line_1_32' title="bbox 447 3703 1555 3802; baseline -0.005 -21"><span class='ocrx_word' id='word_1_208' title='bbox 447 3712 449 3716; x_wconf 68' lang='lat'>‘</span> <span class='ocrx_word' id='word_1_209' title='bbox 484 3706 799 3789; x_wconf 79' lang='lat' dir='ltr'>matrimonium,</span> <span class='ocrx_word' id='word_1_210' title='bbox 814 3722 853 3781; x_wconf 94' lang='lat' dir='ltr'>ut</span> <span class='ocrx_word' id='word_1_211' title='bbox 865 3704 1021 3802; x_wconf 80' lang='lat' dir='ltr'>explicat</span> <span class='ocrx_word' id='word_1_212' title='bbox 1036 3711 1068 3781; x_wconf 76' lang='lat' dir='ltr'>S.</span> <span class='ocrx_word' id='word_1_213' title='bbox 1084 3703 1145 3778; x_wconf 78' lang='lat' dir='ltr'>Tla.</span> <span class='ocrx_word' id='word_1_214' title='bbox 1158 3710 1193 3780; x_wconf 90' lang='lat' dir='ltr'>in</span> <span class='ocrx_word' id='word_1_215' title='bbox 1208 3723 1243 3796; x_wconf 90' lang='lat'>4.</span> <span class='ocrx_word' id='word_1_216' title='bbox 1259 3712 1459 3776; x_wconf 78' lang='lat' dir='ltr'>sententiar.</span> <span class='ocrx_word' id='word_1_217' title='bbox 1474 3705 1555 3780; x_wconf 83' lang='lat' dir='ltr'>dist.</span> 
     </span>
     <span class='ocr_line' id='line_1_33' title="bbox 507 3800 1551 3902; baseline -0.006 -17"><span class='ocrx_word' id='word_1_218' title='bbox 507 3816 572 3899; x_wconf 79' lang='lat'>34.</span> <span class='ocrx_word' id='word_1_219' title='bbox 595 3826 651 3902; x_wconf 84' lang='lat' dir='ltr'>qu.</span> <span class='ocrx_word' id='word_1_220' title='bbox 679 3824 707 3879; x_wconf 88' lang='grc' dir='ltr'>ι.</span> <span class='ocrx_word' id='word_1_221' title='bbox 732 3819 796 3882; x_wconf 87' lang='lat' dir='ltr'>art.</span> <span class='ocrx_word' id='word_1_222' title='bbox 816 3826 855 3897; x_wconf 85' lang='lat'>4·</span> <span class='ocrx_word' id='word_1_223' title='bbox 879 3856 902 3896; x_wconf 78' lang='lat'><strong>,</strong></span> <span class='ocrx_word' id='word_1_224' title='bbox 921 3861 943 3897; x_wconf 87' lang='lat'>„</span> <span class='ocrx_word' id='word_1_225' title='bbox 969 3802 1072 3882; x_wconf 77' lang='lat' dir='ltr'>Faria</span> <span class='ocrx_word' id='word_1_226' title='bbox 1101 3800 1269 3899; x_wconf 66' lang='lat' dir='ltr'>(nquit)</span> <span class='ocrx_word' id='word_1_227' title='bbox 1294 3818 1354 3882; x_wconf 77' lang='lat' dir='ltr'>aur</span> <span class='ocrx_word' id='word_1_228' title='bbox 1380 3805 1551 3902; x_wconf 73' lang='lat' dir='ltr'>precedit</span> 
     </span>
     <span class='ocr_line' id='line_1_34' title="bbox 505 3903 1553 4005; baseline 0 -27"><span class='ocrx_word' id='word_1_229' title='bbox 505 3906 797 3991; x_wconf 87' lang='lat' dir='ltr'>matrimonium,</span> <span class='ocrx_word' id='word_1_230' title='bbox 818 3916 880 3980; x_wconf 90' lang='lat' dir='ltr'>aut</span> <span class='ocrx_word' id='word_1_231' title='bbox 901 3905 1066 4005; x_wconf 87' lang='lat' dir='ltr'>seqnitur.</span> <span class='ocrx_word' id='word_1_232' title='bbox 1094 3905 1131 3980; x_wconf 83' lang='lat' dir='ltr'>si</span> <span class='ocrx_word' id='word_1_233' title='bbox 1149 3903 1326 4001; x_wconf 85' lang='lat' dir='ltr'>sequitur,</span> <span class='ocrx_word' id='word_1_234' title='bbox 1347 3906 1455 3983; x_wconf 85' lang='lat' dir='ltr'>nullo¹</span> <span class='ocrx_word' id='word_1_235' title='bbox 1470 3926 1553 3979; x_wconf 64' lang='lat' dir='ltr'>naon</span> 
     </span>
    </p>

    <p class='ocr_par' dir='ltr' id='par_1_12' title="bbox 505 4001 1555 4406">
     <span class='ocr_line' id='line_1_35' title="bbox 505 4001 1551 4103; baseline -0.002 -22"><span class='ocrx_word' id='word_1_236' title='bbox 505 4004 558 4081; x_wconf 91' lang='lat' dir='ltr'>do</span> <span class='ocrx_word' id='word_1_237' title='bbox 579 4001 712 4081; x_wconf 90' lang='lat' dir='ltr'>dirimit</span> <span class='ocrx_word' id='word_1_238' title='bbox 732 4007 998 4082; x_wconf 77' lang='lat' dir='ltr'>matrimonium</span> <span class='ocrx_word' id='word_1_239' title='bbox 1014 4002 1077 4085; x_wconf 79' lang='lat' dir='ltr'>au</span> <span class='ocrx_word' id='word_1_240' title='bbox 1110 4004 1299 4103; x_wconf 84' lang='lat' dir='ltr'>praecedit,</span> <span class='ocrx_word' id='word_1_241' title='bbox 1325 4020 1386 4081; x_wconf 88' lang='lat' dir='ltr'>aut</span> <span class='ocrx_word' id='word_1_242' title='bbox 1401 4003 1551 4084; x_wconf 75' lang='lat' dir='ltr'>furiosus</span> 
     </span>
     <span class='ocr_line' id='line_1_36' title="bbox 505 4102 1555 4206; baseline -0.002 -26"><span class='ocrx_word' id='word_1_243' title='bbox 505 4102 614 4180; x_wconf 81' lang='lat' dir='ltr'>habet</span> <span class='ocrx_word' id='word_1_244' title='bbox 628 4104 741 4180; x_wconf 87' lang='lat' dir='ltr'>lucida</span> <span class='ocrx_word' id='word_1_245' title='bbox 754 4104 931 4181; x_wconf 81' lang='lat' dir='ltr'>intervalla</span> <span class='ocrx_word' id='word_1_246' title='bbox 941 4147 951 4187; x_wconf 67' lang='lat' dir='ltr'>a</span> <span class='ocrx_word' id='word_1_247' title='bbox 963 4121 1025 4182; x_wconf 88' lang='lat' dir='ltr'>aut</span> <span class='ocrx_word' id='word_1_248' title='bbox 1041 4125 1129 4180; x_wconf 72' lang='lat' dir='ltr'>non.</span> <span class='ocrx_word' id='word_1_249' title='bbox 1144 4103 1178 4180; x_wconf 90' lang='lat' dir='ltr'>Si</span> <span class='ocrx_word' id='word_1_250' title='bbox 1189 4105 1315 4190; x_wconf 86' lang='lat' dir='ltr'>habet,</span> <span class='ocrx_word' id='word_1_251' title='bbox 1327 4117 1416 4182; x_wconf 87' lang='lat' dir='ltr'>tunc</span> <span class='ocrx_word' id='word_1_252' title='bbox 1429 4127 1555 4206; x_wconf 86' lang='lat' dir='ltr'>quam·</span> 
     </span>
     <span class='ocr_line' id='line_1_37' title="bbox 506 4199 1554 4299; baseline -0.003 -19"><span class='ocrx_word' id='word_1_253' title='bbox 506 4203 679 4290; x_wconf 80' lang='lat' dir='ltr'>vis,durn</span> <span class='ocrx_word' id='word_1_254' title='bbox 698 4203 747 4278; x_wconf 85' lang='lat' dir='ltr'>eil</span> <span class='ocrx_word' id='word_1_255' title='bbox 771 4207 806 4279; x_wconf 93' lang='lat' dir='ltr'>in</span> <span class='ocrx_word' id='word_1_256' title='bbox 831 4203 892 4280; x_wconf 88' lang='lat' dir='ltr'>illo</span> <span class='ocrx_word' id='word_1_257' title='bbox 920 4203 1105 4280; x_wconf 82' lang='lat' dir='ltr'>intervallo</span> <span class='ocrx_word' id='word_1_258' title='bbox 1121 4253 1132 4286; x_wconf 89' lang='lat'><strong>,</strong></span> <span class='ocrx_word' id='word_1_259' title='bbox 1147 4202 1274 4279; x_wconf 80' lang='lat' dir='ltr'>nonsit</span> <span class='ocrx_word' id='word_1_260' title='bbox 1291 4219 1429 4291; x_wconf 84' lang='lat' dir='ltr'>tutum,</span> <span class='ocrx_word' id='word_1_261' title='bbox 1450 4199 1554 4299; x_wconf 86' lang='lat' dir='ltr'>quod</span> 
     </span>
     <span class='ocr_line' id='line_1_38' title="bbox 509 4303 1555 4406; baseline -0.006 -25"><span class='ocrx_word' id='word_1_262' title='bbox 509 4303 779 4382; x_wconf 76' lang='lat' dir='ltr'>matrimonium</span> <span class='ocrx_word' id='word_1_263' title='bbox 792 4303 980 4384; x_wconf 86' lang='lat' dir='ltr'>contrahat</span> <span class='ocrx_word' id='word_1_264' title='bbox 990 4357 1001 4393; x_wconf 85' lang='lat'><strong>,</strong></span> <span class='ocrx_word' id='word_1_265' title='bbox 1013 4306 1095 4406; x_wconf 88' lang='lat' dir='ltr'>quia</span> <span class='ocrx_word' id='word_1_266' title='bbox 1111 4303 1219 4382; x_wconf 78' lang='lat' dir='ltr'>nei&#39;cit</span> <span class='ocrx_word' id='word_1_267' title='bbox 1230 4305 1368 4402; x_wconf 83' lang='lat' dir='ltr'>prolem</span> <span class='ocrx_word' id='word_1_268' title='bbox 1384 4306 1555 4394; x_wconf 79' lang='lat' dir='ltr'>educare3</span> 
     </span>
    </p>
   </div>
   <div class='ocr_carea' id='block_1_7' title="bbox 0 0 1863 5425">
    <p class='ocr_par' dir='ltr' id='par_1_13' title="bbox 0 0 1863 5425">
     <span class='ocr_line' id='line_1_39' title="bbox 0 0 1863 5425; baseline 0 0"><span class='ocrx_word' id='word_1_269' title='bbox 0 0 1863 5425; x_wconf 95' lang='lat' dir='ltr'> </span> 
     </span>
    </p>
   </div>
  </div>
 </body>
</html>
