3700 5425
486 620 491 630 ·
562 596 641 691 328
720 540 1468 697 ¹Theoi.Dog'.tclttora1.liu.11·
1574 687 1594 700 ,,

556 728 699 851 summi
713 757 895 836 l'ootiflcie
926 774 1084 835 mentem
1104 754 1315 853 (quivult,
1348 759 1386 834 dr
1408 760 1513 840 debet
1533 788 1600 864 po.

477 948 482 959 ,
554 859 678 948 tellate
702 858 763 936 sibi
788 855 950 951 concessa
977 882 1052 937 non
1086 856 1131 945 ad
1155 855 1453 948 destructionem,
1477 864 1532 938 sed
1554 867 1600 944 ad

554 956 823 1047 aedificationem
846 957 921 1049 uti)
943 959 1154 1036 abutantur,
1176 955 1293 1032 nullus
1318 957 1389 1046 est,
1413 966 1473 1153 <sui
1494 967 1601 1062 iguo.

552 1072 620 1152 ret.
648 1058 736 1135 Non
754 1059 931 1156 prohibeo
951 1054 964 1147 l
976 1060 1090 1154 lnquit
1111 1055 1318 1152 quidamvir
1337 1058 1415 1134 Pius
1462 1063 1601 1160 dispen-

551 1156 647 1247 sare,
665 1156 721 1241 sed
747 1157 916 1258 diffipare·
944 1156 1164 1256 Dispeul‘atio
1192 1154 1336 1255 quidem
1370 1161 1500 1250 credita
1524 1168 1597 1261 est¹¹

551 1256 692 1349 sedhic
713 1260 785 1353 jam
806 1261 973 1356 queritur
994 1263 1084 1346 inter
1109 1255 1356 1356 dispensatores
1375 1312 1385 1342 ,
1413 1279 1452 1344 ut
1483 1263 1595 1349 lidelie

552 1357 632 1451 quis
644 1357 852 1439 inueniatur.
872 1360 1103 1456 Quamquam
1115 1357 1208 1452 apud
1227 1355 1304 1431 illos
1317 1363 1467 1436 mamma
1481 1363 1595 1462 culpae

551 1479 631 1557 pars
648 1455 812 1552 resideat,
860 1463 895 1536 ui
914 1457 968 1534 vel
991 1458 1105 1543 nulla,
1124 1459 1176 1530 vel
1191 1458 1306 1547 minus
1328 1459 1509 1554 legitima,
1537 1465 1592 1552 vel

360 1544 372 1571 '
399 1570 402 1576 ’
549 1558 657 1633 etiam
681 1552 758 1634 flsla
780 1481 901 1638 oria,
919 1556 1167 1653 supplicatoris
1188 1556 1350 1653 precibu·
1373 1557 1516 1647 inserta,
1538 1564 1594 1640 dt„

263 1680 267 1688 ’
397 1700 399 1709 -
431 1732 433 1737 ,
548 1653 775 1832 ssenntionis
805 1657 994 1736 teliorlum
1020 1657 1163 1733 taudem
1193 1655 1357 1758 eliciunt3
1380 1681 1473 1755 quos
1496 1663 1592 1758 apud

506 1810 516 1840 .
590 1779 697 1838 eum,
714 1759 775 1853 qui
801 1779 927 1838 tener,
950 1758 987 1832 ta
1016 1760 1124 1842 corda
1151 1753 1347 1841 scrutatur,
1372 1766 1593 1870 omnemque

548 1852 786 1954 hypocrism,
807 1880 849 1934 ac
870 1857 1027 1934 fraudem
1050 1867 1255 1943 execratur,
1274 1855 1412 1937 secutor
1436 1861 1514 1958 quis
1538 1863 1594 1936 di.

548 1955 667 2031 ueriti
691 1955 811 2034 Nemo
836 1953 897 2033 sibi
933 1957 977 2031 de
1001 1954 1253 2051 dispensatione
1275 1955 1466 2051 apostolica
1492 1960 1592 2041 blan„

546 2053 686 2137 diarum
703 2058 802 2149 cuius
824 2055 1074 2135 conscientium
1099 2055 1214 2131 diuina
1236 2052 1401 2130 sententia
1424 2071 1520 2135 tenet
1539 2061 1594 2137 al·

544 2151 703 2249 'ligatam
730 2155 799 2232 Sed
822 2158 903 2255 quia
926 2162 1028 2255 pauci
1051 2155 1149 2239 sunt,
1165 2156 1201 2231 in
1224 2175 1380 2251 quorum
1399 2157 1589 2256 conspetiu

547 2255 597 2330 est
617 2251 741 2341 Deus,
763 2256 922 2353 plerique
949 2278 1056 2342 vero,
1079 2259 1141 2352 qui
1164 2254 1254 2329 sacra
1279 2254 1498 2339 Aucioritate
1517 2282 1587 2353 pro

544 2351 603 2431 sua
626 2354 769 2431 libidine
802 2353 921 2455 paffim
937 2359 1160 2439 abutuntur,
1188 2350 1250 2440 fit,
1269 2376 1311 2430 ur
1339 2351 1585 2452 Lugdunensis

544 2450 662 2531 Cone·
684 2453 745 2531 sub
765 2453 877 2552 Greg.
903 2452 956 2548 X·
975 2454 1139 2533 celebrati
1162 2474 1237 2529 uon
1257 2452 1427 2529 insalubre
1451 2455 1586 2534 Decre·

544 2567 622 2629 tum
647 2554 807 2633 adversus
826 2553 1045 2631 insolentiam
1067 2551 1312 2657 hujuscemodi
1330 2551 1518 2631 hominum
1547 2561 1583 2633 io

543 2651 644 2729 usum
666 2676 831 2733 revocare
849 2674 1048 2753 cogamura
1067 2676 1142 2756 quo
1162 2653 1319 2738 subnixi,
1342 2654 1496 2735 condis,
1519 2659 1582 2752 qui

540 2753 665 2831 talibus
684 2752 902 2850 Diplomatia
924 2752 986 2829 libi
1001 2752 1248 2836 blandiuntur,
1266 2752 1498 2837 necessitatem
1513 2759 1585 2830 im.

539 2856 722 2948 ponimus,
734 2856 846 2932 literae
856 2853 929 2931 suaa
941 2856 1045 2928 nobis
1056 2853 1258 2938 exhibendi,
1272 2851 1388 2934 visuris
1400 2878 1486 2930 num
1501 2878 1583 2933 uere

537 2957 829 3044 irnpetravcrinm
853 2978 895 3031 ac
919 2953 1012 3029 resse
1035 2955 1227 3047 impetratis
1254 2969 1395 3042 utantur
1421 3001 1491 3047 „‚,.

584 3050 682 3131 Hinc
709 3052 809 3130 Trid.
830 3052 1033 3131 Concilium
1058 3052 1198 3127 sels22.
1227 3058 1279 3122 sle
1305 3049 1580 3140 Reformarione,

533 3173 613 3249 cap·
632 3172 665 3243 5.
693 3151 959 3252 dispensationes
981 3167 1079 3228 extra
1101 3152 1243 3231 Curiam
1275 3149 1451 3250 Episcopo
1476 3176 1578 3230 com,

533 3253 648 3335 mitti,
672 3256 709 3329 de
730 3258 838 3331 abeo
859 3254 1051 3329 examinari
1077 3253 1182 3341 iubet·v
1205 3308 1227 3344 ,,
1241 3307 1262 3343 ,,
1296 3251 1577 3345 llilpenl'ationes

534 3348 700 3443 (inquit)
718 3376 932 3451 quacunque
947 3352 1150 3429 auctoritate
1162 3350 1420 3436 concedendae,
1441 3353 1464 3427 li
1478 3375 1576 3433 extra

530 3474 715 3528 romanam
739 3456 883 3532 Curiam
907 3453 1175 3527 committendae
1195 3464 1321 3534 erunt,
1343 3458 1574 3531 committan-

532 3566 590 3626 tur
614 3547 808 3629 Ordinariis
849 3552 1014 3635 illorum,
1044 3554 1105 3646 qui
1129 3574 1185 3626 eas
1212 3554 1501 3645 impetraverint3
1524 3576 1575 3631 eae

532 3671 644 3733 uero,
663 3674 742 3750 quae
756 3651 907 3748 gratiose
927 3650 1172 3726 concedentur
1187 3704 1198 3735 ,
1213 3648 1312 3734 suum
1336 3673 1409 3726 non
1428 3650 1575 3731 sortium

528 3759 585 3823 tur
612 3748 777 3829 elsetium
795 3798 804 3828 2
822 3750 884 3827 uili
909 3752 1005 3846 prius
1024 3750 1068 3825 ab
1103 3747 1254 3834 eisdem,
1270 3763 1437 3847 tunquam
1464 3750 1572 3827 Dese,

528 3848 619 3943 gatis
642 3851 863 3946 apostolicis,
879 3850 1064 3928 summarie
1084 3862 1245 3926 tantum,
1268 3849 1305 3923 dr
1326 3852 1572 3945 extraJudicia-

526 3945 604 4021 liter
627 3951 883 4046 cognoscatur,
907 3943 1080 4042 expressus
1108 3970 1230 4045 preces
1257 3940 1488 4053 subreptionis
1512 3948 1568 4029 rel

447 4048 469 4066 ‘
525 4051 746 4140 obreptionis
772 4053 859 4125 vitio
892 4071 968 4123 non
998 4046 1173 4142 subjacere
1194 4104 1216 4140 ,‚
1234 4095 1267 4139 ,‚.

575 4146 752 4242 Caeterum
779 4152 869 4224 inter
892 4145 1105 4251 Tbeologos
1132 4150 1323 4232 convenit,
1348 4147 1449 4264 quod
1477 4145 1500 4223 sr
1524 4149 1570 4226 ad

392 4230 398 4263 ¹
524 4246 756 4324 obtinendam
778 4246 1071 4340 dispensationem
1096 4253 1291 4346 exponitur
1316 4272 1417 4330 unica
1446 4251 1568 4349 causa,v

522 4367 633 4441 eaque
660 4348 734 4425 salsa
759 4344 998 4442 ,dispensatio
1029 4349 1121 4425 irrita
1151 4346 1216 4421 cll·
1258 4346 1356 4423 ldem
1392 4351 1566 4441 judicium

519 4445 621 4529 ello,
647 4445 669 4519 fi
692 4447 807 4533 plures
835 4459 1066 4541 exponantur
1085 4500 1095 4531 ,
1117 4470 1237 4543 eraque
1259 4445 1356 4524 salsae·
1387 4450 1422 4524 Si
1447 4465 1567 4537 autem

372 4610 399 4637 a
517 4547 761 4655 exprimuntur
786 4546 933 4659 plures·
963 4568 1114 4657 quuruu
1136 4548 1231 4636 nulla
1258 4545 1382 4652 perse
1411 4542 1565 4733 infligite

852 4678 855 4683 ·
1462 4668 1479 4721 e
