3700 5425
564 580 660 681 594¹
736 550 891 647 Tlreol
909 550 1026 673 Dog.
1048 548 1254 643 &illorul
1275 548 1369 673 Lib.
1383 544 1461 643 ΙΙΙ.

562 742 614 804 tes
630 728 790 823 pecuniae
813 723 985 802 lunrmam
1016 747 1124 800 uuam
1150 765 1161 799 a
1186 722 1287 798 variar
1313 721 1483 800 mensurae
1506 728 1619 807 tritiel

564 850 729 903 acetrum
743 824 990 904 unummulrt
1001 825 1077 899 libri
1089 821 1346 899 Bibliothecam
1357 844 1487 899 uuam:
1513 848 1622 905 com.

563 926 681 1003 bullio
701 926 832 1000 domur
855 946 968 1002 unum
999 945 1152 999 numero
1177 939 1364 1019 peccatum
1381 922 1456 1005 eli,
1478 922 1619 1021 deprae.

565 1028 664 1101 datio
689 1078 699 1111 ‚
727 1023 783 1101 leu
801 1027 920 1119 rapina
944 1027 1063 1121 gregis
1085 1044 1196 1100 unum
1224 1018 1377 1095 lrmlltrer
1395 1040 1618 1119 peccatum

566 1125 734 1222 idemque
768 1125 984 1199 cenl'endum
1014 1128 1059 1197 de
1081 1123 1178 1197 lutto
1198 1123 1301 1197 unius
1331 1118 1476 1197 summae
1504 1148 1621 1220 pecu.

567 1229 725 1305 niae‚aur
754 1228 857 1300 unius
881 1219 1110 1301 Bibliotheca
1133 1247 1145 1313 ;
1165 1244 1281 1316 neque
1316 1241 1507 1299 numerum
1537 1248 1621 1322 par.

569 1328 660 1401 tium
679 1324 834 1409 domur,
854 1325 978 1399 ovium
991 1370 1001 1402 ‚
1016 1320 1165 1417 ungulas
1183 1321 1290 1397 tritici
1312 1318 1514 1409 mensurat,
1542 1324 1618 1421 l'pe·

567 1426 637 1499 cies
655 1422 804 1519 fingulas
832 1426 991 1519 pecunia:
1003 1470 1011 1495 2
1025 1444 1215 1523 numerum
1233 1420 1431 1497 librorum.
1452 1422 1490 1497 in
1514 1418 1618 1499 Con-

566 1520 713 1599 lellrone
739 1527 939 1617 exprimere
958 1518 1092 1597 necelle
1108 1522 1180 1606 eli,
1197 1518 1253 1594 led
1269 1516 1382 1595 solum
1395 1518 1517 1597 damni
1531 1518 1619 1601 illati

438 1650 441 1657 ·
566 1625 799 1719 quantitatem
815 1678 825 1707 ,
840 1623 998 1717 pecuniae
1023 1619 1223 1704 lammam,
1243 1619 1388 1717 gregia,
1408 1621 1543 1709 tritici,
1560 1620 1619 1713 ael

566 1718 797 1801 llibliorltecae
823 1722 991 1819 pretium.

823 1906 1153 1996 RuGuLn
1203 1904 1353 1993 xlv.

563 2066 743 2147 Voluntas
764 2073 899 2167 peccati
920 2092 1004 2148 cum
1020 2072 1097 2149 adiu
1110 2070 1278 2146 exteriori
1290 2067 1480 2163 coniunlla
1495 2090 1618 2151 unum

614 2194 766 2248 numero
798 2189 986 2268 peccatum
1010 2173 1087 2257 eliz
1114 2171 1278 2245 voluntas
1302 2188 1420 2245 autern
1451 2172 1497 2247 ab
1531 2174 1615 2259 adiu

616 2272 783 2349 exteriori
796 2270 1011 2368 separaraell
1026 2271 1225 2347 dillinilum
1241 2290 1392 2346 numero
1404 2284 1620 2366 peccarunt„

319 2434 323 2447 ·
371 2392 499 2473 Qumdo

365 2474 525 2549 volontas,
795 2532 802 2547 ,
1044 2532 1077 2545 ..
1305 2532 1311 2545 ,
1396 2527 1404 2543 ‚
1453 2528 1460 2543 ,

369 2551 493 2625 oopus
675 2527 888 2614 lauranum,
910 2532 945 2603 dr
970 2528 1097 2605 malma
1127 2550 1172 2603 ex
1197 2524 1274 2603 aliu
1303 2543 1463 2602 tnrennrt
1481 2526 1615 2605 volun.

363 2621 434 2684 sune
452 2644 543 2689 unum
570 2627 649 2701 tarir
671 2628 705 2701 in
727 2630 842 2705 allum
865 2643 1054 2704 externum
1074 2625 1299 2703 retundatur,
1322 2624 1419 2702 arlur
1435 2628 1611 2718 interior,

365 2706 490 2838 ᾞζξζο
569 2727 606 2802 &
627 2731 786 2804 exterior
810 2751 922 2804 unum
950 2751 1101 2805 numero
1122 2743 1309 2823 peccatum
1324 2728 1488 2802 censendi
1505 2725 1619 2822 lunt,

366 2793 415 2910 del
434 2799 550 2917 riding)
566 2849 649 2902 cum
670 2823 769 2904 su'rrul
793 2827 872 2905 lunt
895 2829 1094 2923 coniunlli,
1114 2826 1194 2904 utli
1218 2827 1297 2925 quis
1314 2825 1503 2902 oecalrone
1527 2827 1612 2906 data

364 2927 549 3007 ttrpcecrrr.
564 2925 670 3005 lutati
689 2927 798 3012 velit,
820 2931 855 3003 ἀ
881 2928 1028 3005 iuretur.
1057 2931 1092 3002 Si
1116 2950 1203 3003 vern
1232 2926 1422 3002 voluntatis
1443 2927 1541 3002 adua
1563 2929 1610 3004 ab

564 3049 673 3121 opere
695 3045 844 3103 externo
871 3028 1042 3121 lejuntlus
1060 3028 1123 3115 fit,
1148 3041 1187 3103 ut
1204 3023 1229 3100 st
1249 3029 1327 3123 quis
1342 3027 1517 3101 moechari
1541 3049 1609 3103 vo·

562 3125 638 3200 lens
662 3181 673 3211 ,
696 3149 770 3203 non
803 3128 917 3203 liatim
953 3126 1157 3204 moechetur
1181 3125 1369 3201 occasione
1394 3123 1610 3210 deficiente,

563 3224 621 3300 sed
659 3231 928 3322 opportunitate
960 3227 1039 3304 data
1063 3227 1121 3302 die
1146 3226 1303 3324 sequenti
1332 3225 1514 3324 libidinem
1542 3248 1609 3301 ex-

562 3324 677 3417 pleat,
701 3325 834 3422 duplex
859 3349 1010 3403 numero
1032 3340 1218 3425 peccatum
1241 3326 1311 3401 eli:
1336 3381 1393 3416 „‚,
1420 3323 1520 3417 Qura
1540 3348 1609 3402 ro·

560 3425 702 3501 luntatis
726 3426 819 3500 ailus
835 3426 1108 3524 multiplicatum
1124 3427 1268 3524 quando
1290 3426 1384 3498 enim
1405 3435 1522 3500 artum
1541 3447 1609 3500 ex-

559 3522 634 3617 plet
658 3528 898 3608 exteriorem,
920 3531 1023 3603 etiarn
1048 3526 1162 3602 allum
1185 3523 1377 3601 voluntatis
1407 3525 1538 3616 iterar3
1567 3525 1607 3600 tl:

557 3622 641 3698 ideo
669 3640 841 3711 oportet,
862 3627 963 3720 quod
991 3625 1056 3701 lmt
1073 3627 1148 3703 duo
1170 3639 1333 3720 peccata,
1356 3645 1431 3698 non
1452 3641 1607 3724 propter

556 3721 792 3799 diverfitatem
814 3725 907 3802 attus
929 3728 1124 3809 interioris,
1144 3725 1180 3798 δι
1203 3726 1406 3807 exterioris,
1431 3721 1491 3798 led
1514 3746 1605 3820 pto·

556 3836 635 3916 pter
647 3824 878 3900 diverfitatem
893 3824 1048 3902 duorum
1062 3825 1205 3902 anuum
1223 3825 1433 3900 interiorum
1447 3872 1518 3914 „„·
1549 3821 1604 3902 lta

553 3921 663 4000 docet
683 3923 864 3994 &Thomas
878 3971 887 4002 ,
899 3927 934 4000 in
949 3941 983 3996 2.
1003 3930 1149 4001 sentem.
1161 3922 1237 3998 dili.
1249 3939 1309 4012 42.
1332 3943 1393 4019 qu.
1411 3937 1576 4000 t.art.1.

352 3993 498 4139 ssffl.
606 4020 706 4098 Unus
732 4039 849 4100 autem
880 4025 1059 4100 moraliter
1084 4023 1275 4100 voluntatis
1300 4021 1395 4098 attus
1413 4019 1602 4110 censetur,

345 4151 426 4210 aetus
448 4098 515 4217 κζ’,
553 4125 699 4218 quando
725 4148 798 4198 non
824 4125 870 4199 eli
886 4123 1064 4200 moraliter
1085 4127 1314 4218 interruptus.
1345 4119 1450 4197 Unde
1470 4119 1495 4196 sr
1517 4125 1603 4218 quie

339 4219 529 4371 llll.
729 4221 1419 4398 ‘ullvttarxllxlata
1432 4223 1603 4399 atat

339 4367 419 4436 Μετ’
542 4420 588 4495 ad
613 4377 679 4496 alia
705 4345 921 4518 edgidanda¹
945 4349 1156 4518 vellegedda
1179 4417 1211 4496 le
1233 4376 1435 4506 convertit,
1459 4419 1499 4496 dt
1527 4369 1626 4499 nos

542 4542 586 4597 aa
612 4520 864 4622 deliberatione
882 4524 1022 4628 ,letiam
1046 4520 1128 4621 poll
1152 4521 1340 4630 modicum
1360 4533 1506 4697 ilmpdssss
1521 4575 1532 4606 ,
1550 4521 1599 4600 ad

1433 4643 1534 4698 rtur

661 2450 721 2505 um
738 2429 832 2504 enim
852 2428 953 2507 nullo
973 2428 1087 2506 modo
1110 2424 1151 2504 fir
1171 2440 1377 2524 peccatum.
1396 2422 1460 2502 nili
1482 2422 1525 2503 lit
1547 2448 1616 2505 ro.
