3700 5425
559 361 643 459 tro
717 347 896 478 ‚Theos
914 345 1030 466 Dog.
1054 353 1095 442 ἃ
1115 347 1266 448 lloral.
1286 347 1382 452 Lib.
1411 347 1492 446 Ill.¹

561 517 796 626 Hieronymi,
814 519 1260 620 ·nugustm·r,1mori.ve1
1280 541 1491 603 caeterorum
1514 521 1612 608 limi·

562 623 642 702 liter
665 623 862 700 sannorum
876 625 1080 700 Doctorum
1103 621 1265 701 similium
1289 643 1425 718 reperta
1449 626 1604 714 suerint,

563 728 837 819 magnanimiter
856 722 935 800 sunt
961 725 1161 800 retinenda,
1176 745 1218 800 ac
1242 725 1529 824 promulgarem
1549 725 1608 804 ees

405 843 408 850 ·
563 823 610 900 ad
628 825 856 918 apostolicam
871 823 998 898 Sedem
1011 823 1178 900 reseratur
1191 824 1236 900 de
1256 823 1391 901 talibus·
1417 826 1541 922 Quam
1553 833 1606 904 ub

563 922 702 1000 caulam
720 924 954 1008 luculentius,
972 925 1008 998 δι
1030 944 1157 1014 magna
1181 945 1271 998 noce
1285 931 1625 1020 pronuntlarenon

562 1025 796 1121 timeo,qula
816 1027 878 1118 qui
898 1023 955 1098 illa
978 1021 1037 1099 SS.
1053 1020 1194 1099 Petrum
1209 1020 1344 1100 Statura
1367 1072 1379 1106 ,
1403 1047 1483 1123 que
1506 1026 1606 1124 apud

562 1141 631 1198 nos
646 1121 811 1198 Canonea
832 1122 1108 1219 protitulantur,
1139 1121 1208 1198 five
1233 1121 1274 1198 snt
1295 1119 1509 1223 Episcopus,
1531 1126 1606 1205 srve

560 1220 743 1305 Clericus,
769 1222 838 1298 sive
859 1219 1007 1305 laicus,
1026 1223 1101 1298 n'on
1124 1219 1364 1298 indifferenter
1396 1229 1603 1321 receperit,

558 1320 631 1417 ipse
655 1322 860 1407 convincit,
882 1346 949 1397 nec
984 1321 1065 1397 cath
1094 1321 1220 1407 licam,
1244 1323 1280 1396 ἀ
1307 1323 1537 1420 apostolicam
1562 1324 1604 1403 fi·

556 1423 661 1510 dem,
676 1444 743 1498 nec
765 1421 876 1497 sanila
889 1346 1105 1500 veraCbrilii
1121 1417 1308 1515 Evangelia
1330 1437 1483 1522 quatuor
1506 1426 1606 1502 utili.

557 1534 641 1695 terl,
666 1518 938 1697 &deificantem
956 1523 992 1598 ἃ
1013 1520 1058 1598 ad
1077 1519 1242 1598 effectum
1272 1520 1403 1610 suurn,
1428 1525 1604 1611 retinere,

556 1641 601 1698 ve
631 1644 690 1697 ese
716 1645 776 1698 ese
798 1666 867 1714 „23⁶

604 1720 700 1799 Ante
724 1725 863 1793 Leonem
886 1718 950 1794 IV.
974 1719 1118 1819 septime
1149 1713 1317 1821 sinodus
1345 1724 1605 1809 oecumenica,

554 1817 645 1903 Can,
667 1843 695 1898 r.
720 1878 776 1914 „„
795 1818 881 1904 His,
912 1825 974 1917 qui
998 1823 1126 1896 l'acram
1144 1819 1254 1896 sortiti
1275 1820 1354 1897 sunt
1368 1824 1602 1917 dignitatem,

458 1991 465 2016 ι
554 1919 753 1998 testimonia
771 1924 835 2007 ,δι
858 1920 1069 1997 diretliones
1100 1925 1351 1997 canonicarum
1388 1929 1598 2017 preceptio-

554 2039 643 2099 num
667 2021 791 2098 sormae
808 2020 1015 2098 consulunt.
1044 2021 1145 2115 Quas
1177 2022 1324 2097 libenter
1350 2020 1596 2119 suscipientes,

448 2113 537 2179 Μ
554 2143 638 2199 cum
666 2120 838 2219 deiloquo
880 2118 998 2197 David
1038 2123 1197 2197 canimus
1226 2123 1270 2196 od
1305 2118 1532 2199 Dominumr
1557 2128 1602 2196 Ie

554 2227 613 2289 vio
637 2219 892 2300 rem'moniomm
914 2242 1045 2289 tuorum
1071 2218 1247 2291 dele-tintus
1268 2223 1360 2306 lum,
1376 2218 1462 2309 ficut
1481 2225 1517 2293 in
1532 2247 1603 2293 um.

553 2316 648 2392 nibus
667 2323 814 2390 diuitiis.
842 2322 886 2388 Er
909 2316 1067 2394 mendosi
1087 2317 1253 2410 julliriem
1286 2318 1470 2397 testimonie
1492 2329 1599 2394 turin

552 2441 716 2499 aternum.
731 2467 764 2491 .·
792 2416 856 2496 His
880 2423 925 2496 ita
944 2419 975 2495 se
994 2419 1225 2501 habentibus,
1248 2420 1448 2512 exultantes
1465 2423 1502 2498 ln
1526 2426 1598 2512 eis,

542 2505 643 2599 'licut
664 2524 726 2619 qui
746 2524 879 2596 invenit
902 2520 1009 2615 spolia
1031 2521 1160 2606 multa,
1183 2521 1323 2597 divinos
1342 2519 1507 2604 Calones
1523 2546 1603 2600 am·

552 2622 769 2719 pletlibrliter
791 2624 825 2694 in
854 2624 996 2716 pectore
1020 2622 1268 2705 recondimus,
1294 2624 1330 2695 ἀ
1358 2626 1532 2718 integram
1558 2623 1601 2698 il·

551 2724 670 2800 lorum
695 2725 992 2819 preceptionem,
1010 2745 1050 2796 ac
1076 2723 1297 2795 immobilem
1319 2737 1501 2804 tenemus;
1524 2740 1601 2801 tam

550 2822 681 2901 scilicet
704 2822 872 2906 illorum,
891 2825 952 2919 qui
982 2823 1026 2895 ab
1052 2821 1151 2895 almis
1182 2822 1361 2916 llpollolia
1391 2825 1494 2898 lantli
1519 2825 1601 2919 Spi-

552 2925 641 2999 ritus
666 2925 759 2998 tubir
786 2922 868 2995 editi
893 2920 991 3006 sunt,
1018 2944 1124 3018 quam
1144 2944 1290 3005 eorum,
1307 2924 1368 3019 qui
1392 2946 1409 2995 a
1442 2925 1500 2998 sex
1524 2924 1603 2999 san·

552 3023 635 3107 siis,
665 3018 700 3091 δι
725 3019 971 3097 universalibus
995 3019 1148 3118 Synodis
1164 3074 1174 3105 ,
1191 3037 1297 3116 atque
1321 3023 1374 3095 lus
1394 3018 1567 3099 Conciliis
1583 3076 1599 3109 ,

551 3142 633 3218 quae
657 3120 816 3196 localiter
838 3122 983 3196 collello
1006 3119 1113 3203 sunt,
1141 3123 1177 3193 in
1195 3118 1456 3212 exposrtionem
1479 3120 1601 3215 hujus·

549 3219 653 3297 modi
682 3218 921 3296 Decretorum
943 3220 1160 3315 promulgati
1180 3220 1282 3301 sunt3
1300 3242 1442 3296 necnon
1470 3222 1506 3297 ἀ
1530 3245 1601 3297 eo.

549 3342 651 3402 rum,
665 3323 727 3415 qui
746 3319 899 3395 asanllis
922 3318 1080 3397 Patribus
1100 3320 1225 3395 uollris
1244 3320 1372 3416 prolati
1394 3314 1491 3398 suilse
1510 3342 1601 3414 pro·

550 3422 691 3495 bantur·
724 3420 778 3494 nb
802 3443 877 3495 uno
900 3422 996 3493 enim
1026 3421 1227 3518 eodemque
1256 3418 1387 3511 Spiritu
1415 3419 1598 3508 illullrati.

549 3516 783 3601 definierunt,
801 3542 880 3616 quae
903 3519 1099 3613 expediunt
1120 3574 1141 3610 ‚‚
1158 3567 1193 3611 „.
1220 3519 1371 3597 Confert
1385 3543 1471 3598 curn
1489 3521 1604 3597 Trul-

548 3618 637 3696 lanae
664 3616 802 3717 Synodi
831 3616 980 3695 Conone
996 3640 1031 3690 2.

599 3716 727 3795 Canon
749 3715 956 3804 Violarom,
981 3717 1043 3795 sub
1063 3714 1198 3794 Damas
1218 3716 1320 3815 Papae
1342 3718 1488 3794 nomine
1510 3743 1603 3816 pro-

547 3815 662 3905 lotua,
681 3817 780 3895 causa
793 3837 852 3908 25.
872 3841 935 3915 qo.
955 3838 985 3897 r.
1007 3874 1062 3908 „‚,
1091 3814 1312 3903 Violatoree,
1336 3821 1506 3910 inquiunt,
1525 3821 1603 3899 Ca.

548 3939 690 3995 nonum
721 3918 912 3993 voluntarii
941 3922 1134 4014 gravitera
1169 3917 1289 3993 sannis
1315 3916 1476 3995 Patribus
1502 3921 1604 4014 judi.

549 4034 695 4106 cantur;
715 4018 752 4092 &
773 4017 921 4093 alanno
943 4019 1097 4113 Spiritu,
1111 4018 1272 4094 instintlu
1290 4019 1413 4112 cujus,
1431 4042 1473 4095 ac
1490 4024 1601 4098 dono

549 4115 667 4192 dium
688 4116 790 4201 lunt,
808 4117 1020 4194 damnantur
1034 4143 1045 4199 3
1059 4121 1230 4210 quoniam
1256 4117 1494 4213 blasphemare
1516 4124 1603 4221 spi.

548 4220 657 4292 ritum
675 4216 828 4292 santium
851 4241 926 4293 non
950 4223 1150 4314 incongrue
1176 4220 1357 4299 videntur.
1382 4221 1445 4312 nui
1465 4242 1603 4300 contra

550 4313 693 4394 eosdem
727 4317 842 4398 sacros
870 4312 1041 4398 Canooer
1066 4340 1144 4396 oon
1173 4313 1371 4398 necessitate
1393 4322 1601 4426 compulsi,

1372 4472 1378 4490 .
1488 4424 1552 4498 leci
