<?xml version="1.0" encoding="UTF-8"?>
<!DOCTYPE html PUBLIC "-//W3C//DTD XHTML 1.0 Transitional//EN"
    "http://www.w3.org/TR/xhtml1/DTD/xhtml1-transitional.dtd">
<html xmlns="http://www.w3.org/1999/xhtml" xml:lang="en" lang="en">
 <head>
  <title>
</title>
<meta http-equiv="Content-Type" content="text/html;charset=utf-8" />
  <meta name='ocr-system' content='tesseract 3.04.00' />
  <meta name='ocr-capabilities' content='ocr_page ocr_carea ocr_par ocr_line ocrx_word'/>
</head>
<body>
  <div class='ocr_page' id='page_1' title='image "./theologiadogmat05alexgoog_0216.png"; bbox 0 0 3700 5425; ppageno 0'>
   <div class='ocr_carea' id='block_1_1' title="bbox 574 520 1513 655">
    <p class='ocr_par' dir='ltr' id='par_1_1' title="bbox 574 520 1513 655">
     <span class='ocr_line' id='line_1_1' title="bbox 574 520 1513 655; baseline -0.005 -19"><span class='ocrx_word' id='word_1_1' title='bbox 574 536 662 636; x_wconf 75' lang='lat' dir='ltr'>loa</span> <span class='ocrx_word' id='word_1_2' title='bbox 755 520 911 635; x_wconf 74' lang='lat' dir='ltr'>Theoi</span> <span class='ocrx_word' id='word_1_3' title='bbox 939 540 1063 655; x_wconf 81' lang='lat' dir='ltr'>Dog.</span> <span class='ocrx_word' id='word_1_4' title='bbox 1090 544 1131 632; x_wconf 79' lang='grc' dir='ltr'>δι</span> <span class='ocrx_word' id='word_1_5' title='bbox 1156 537 1306 635; x_wconf 77' lang='lat' dir='ltr'>ltorat.</span> <span class='ocrx_word' id='word_1_6' title='bbox 1327 540 1421 638; x_wconf 85' lang='lat' dir='ltr'>Lib.</span> <span class='ocrx_word' id='word_1_7' title='bbox 1452 539 1513 634; x_wconf 69' lang='lat'>11:</span> 
     </span>
    </p>
   </div>
   <div class='ocr_carea' id='block_1_2' title="bbox 574 711 1621 1211">
    <p class='ocr_par' dir='ltr' id='par_1_2' title="bbox 574 711 1621 1211">
     <span class='ocr_line' id='line_1_2' title="bbox 575 711 1621 813; baseline 0.01 -24"><span class='ocrx_word' id='word_1_8' title='bbox 575 727 756 813; x_wconf 76' lang='lat' dir='ltr'>reportat&gt;</span> <span class='ocrx_word' id='word_1_9' title='bbox 769 713 1004 791; x_wconf 85' lang='lat' dir='ltr'>ioaeilimabile</span> <span class='ocrx_word' id='word_1_10' title='bbox 1020 711 1185 788; x_wconf 64' lang='lat' dir='ltr'>libertatis</span> <span class='ocrx_word' id='word_1_11' title='bbox 1199 715 1337 790; x_wconf 89' lang='lat' dir='ltr'>bonum</span> <span class='ocrx_word' id='word_1_12' title='bbox 1358 716 1543 797; x_wconf 68' lang='lat' dir='ltr'>amineum</span> <span class='ocrx_word' id='word_1_13' title='bbox 1563 714 1621 799; x_wconf 83' lang='lat' dir='ltr'>sed</span> 
     </span>
     <span class='ocr_line' id='line_1_3' title="bbox 577 813 1620 912; baseline 0.001 -19"><span class='ocrx_word' id='word_1_14' title='bbox 577 814 842 893; x_wconf 85' lang='lat' dir='ltr'>uxorinullum</span> <span class='ocrx_word' id='word_1_15' title='bbox 867 815 984 911; x_wconf 83' lang='lat' dir='ltr'>potest</span> <span class='ocrx_word' id='word_1_16' title='bbox 1004 834 1049 886; x_wconf 86' lang='lat' dir='ltr'>ex</span> <span class='ocrx_word' id='word_1_17' title='bbox 1075 813 1149 887; x_wconf 92' lang='lat' dir='ltr'>hoc</span> <span class='ocrx_word' id='word_1_18' title='bbox 1174 815 1421 909; x_wconf 85' lang='lat' dir='ltr'>ptaejudicium</span> <span class='ocrx_word' id='word_1_19' title='bbox 1438 826 1620 912; x_wconf 81' lang='lat' dir='ltr'>generati,</span> 
     </span>
     <span class='ocr_line' id='line_1_4' title="bbox 577 911 1621 1011; baseline -0.005 -21"><span class='ocrx_word' id='word_1_20' title='bbox 577 919 665 1009; x_wconf 74' lang='lat' dir='ltr'>quin</span> <span class='ocrx_word' id='word_1_21' title='bbox 683 918 853 990; x_wconf 81' lang='lat' dir='ltr'>&#39;teneatur</span> <span class='ocrx_word' id='word_1_22' title='bbox 872 912 1031 989; x_wconf 90' lang='lat' dir='ltr'>debitum</span> <span class='ocrx_word' id='word_1_23' title='bbox 1054 911 1201 986; x_wconf 83' lang='lat' dir='ltr'>reddere</span> <span class='ocrx_word' id='word_1_24' title='bbox 1231 919 1392 1011; x_wconf 88' lang='lat' dir='ltr'>petenti,</span> <span class='ocrx_word' id='word_1_25' title='bbox 1413 915 1446 993; x_wconf 83' lang='lat' dir='ltr'>dt</span> <span class='ocrx_word' id='word_1_26' title='bbox 1471 915 1515 990; x_wconf 83' lang='lat' dir='ltr'>ad</span> <span class='ocrx_word' id='word_1_27' title='bbox 1539 940 1621 993; x_wconf 83' lang='lat' dir='ltr'>orn.</span> 
     </span>
     <span class='ocr_line' id='line_1_5' title="bbox 575 1015 1620 1113; baseline 0.008 -24"><span class='ocrx_word' id='word_1_28' title='bbox 575 1019 655 1098; x_wconf 81' lang='lat' dir='ltr'>nia,</span> <span class='ocrx_word' id='word_1_29' title='bbox 678 1036 756 1113; x_wconf 86' lang='lat' dir='ltr'>quae</span> <span class='ocrx_word' id='word_1_30' title='bbox 780 1017 1050 1089; x_wconf 85' lang='lat' dir='ltr'>matrimonium</span> <span class='ocrx_word' id='word_1_31' title='bbox 1072 1015 1246 1108; x_wconf 81' lang='lat' dir='ltr'>requirit3</span> <span class='ocrx_word' id='word_1_32' title='bbox 1269 1037 1344 1087; x_wconf 89' lang='lat' dir='ltr'>nort</span> <span class='ocrx_word' id='word_1_33' title='bbox 1378 1017 1472 1091; x_wconf 85' lang='lat' dir='ltr'>enim</span> <span class='ocrx_word' id='word_1_34' title='bbox 1501 1020 1620 1111; x_wconf 77' lang='lat' dir='ltr'>potest</span> 
     </span>
     <span class='ocr_line' id='line_1_6' title="bbox 574 1111 1373 1211; baseline -0.003 -20"><span class='ocrx_word' id='word_1_35' title='bbox 574 1118 620 1192; x_wconf 78' lang='lat' dir='ltr'>ab</span> <span class='ocrx_word' id='word_1_36' title='bbox 642 1113 696 1191; x_wconf 85' lang='lat' dir='ltr'>his</span> <span class='ocrx_word' id='word_1_37' title='bbox 714 1112 842 1192; x_wconf 87' lang='lat' dir='ltr'>retrahi</span> <span class='ocrx_word' id='word_1_38' title='bbox 866 1112 1004 1189; x_wconf 86' lang='lat' dir='ltr'>domini</span> <span class='ocrx_word' id='word_1_39' title='bbox 1024 1111 1074 1188; x_wconf 89' lang='lat' dir='ltr'>lui</span> <span class='ocrx_word' id='word_1_40' title='bbox 1096 1117 1276 1211; x_wconf 78' lang='lat' dir='ltr'>praecepto</span> <span class='ocrx_word' id='word_1_41' title='bbox 1298 1144 1326 1204; x_wconf 88' lang='lat'>·„</span> <span class='ocrx_word' id='word_1_42' title='bbox 1340 1164 1373 1205; x_wconf 76' lang='lat'>„.</span> 
     </span>
    </p>
   </div>
   <div class='ocr_carea' id='block_1_3' title="bbox 862 1264 1333 1348">
    <p class='ocr_par' dir='ltr' id='par_1_3' title="bbox 862 1264 1333 1348">
     <span class='ocr_line' id='line_1_7' title="bbox 862 1264 1333 1348; baseline -0.021 0"><span class='ocrx_word' id='word_1_43' title='bbox 862 1264 1194 1348; x_wconf 85' lang='lat' dir='ltr'>REGULil</span> <span class='ocrx_word' id='word_1_44' title='bbox 1246 1265 1333 1347; x_wconf 91' lang='lat' dir='ltr'>lX.</span> 
     </span>
    </p>
   </div>
   <div class='ocr_carea' id='block_1_4' title="bbox 412 1424 1618 1828">
    <p class='ocr_par' dir='ltr' id='par_1_4' title="bbox 376 1424 1618 1726">
     <span class='ocr_line' id='line_1_8' title="bbox 412 1424 1618 1522; baseline -0.001 -15"><span class='ocrx_word' id='word_1_45' title='bbox 412 1436 432 1507; x_wconf 77' lang='lat' dir='ltr'>i&#39;</span> <span class='ocrx_word' id='word_1_46' title='bbox 571 1424 691 1512; x_wconf 81' lang='lat' dir='ltr'>Proles</span> <span class='ocrx_word' id='word_1_47' title='bbox 723 1429 758 1504; x_wconf 91' lang='lat' dir='ltr'>lo</span> <span class='ocrx_word' id='word_1_48' title='bbox 787 1425 970 1514; x_wconf 77' lang='lat' dir='ltr'>libettate,</span> <span class='ocrx_word' id='word_1_49' title='bbox 997 1426 1034 1500; x_wconf 84' lang='lat' dir='ltr'>dc</span> <span class='ocrx_word' id='word_1_50' title='bbox 1068 1426 1232 1503; x_wconf 85' lang='lat' dir='ltr'>servitute</span> <span class='ocrx_word' id='word_1_51' title='bbox 1261 1427 1414 1522; x_wconf 85' lang='lat' dir='ltr'>sequitur</span> <span class='ocrx_word' id='word_1_52' title='bbox 1444 1442 1618 1520; x_wconf 84' lang='lat' dir='ltr'>martem,</span> 
     </span>
     <span class='ocr_line' id='line_1_9' title="bbox 415 1527 1618 1628; baseline 0.002 -25.906"><span class='ocrx_word' id='word_1_53' title='bbox 415 1530 418 1536; x_wconf 85' lang='lat'>&#39;</span> <span class='ocrx_word' id='word_1_54' title='bbox 522 1589 525 1598; x_wconf 95' lang='lat'>.</span> <span class='ocrx_word' id='word_1_55' title='bbox 622 1535 783 1628; x_wconf 86' lang='lat' dir='ltr'>quamvis</span> <span class='ocrx_word' id='word_1_56' title='bbox 800 1534 836 1604; x_wconf 91' lang='lat' dir='ltr'>in</span> <span class='ocrx_word' id='word_1_57' title='bbox 863 1531 929 1614; x_wconf 85' lang='lat' dir='ltr'>iis,</span> <span class='ocrx_word' id='word_1_58' title='bbox 950 1548 1029 1628; x_wconf 85' lang='lat' dir='ltr'>quae</span> <span class='ocrx_word' id='word_1_59' title='bbox 1047 1527 1090 1599; x_wconf 84' lang='lat' dir='ltr'>ad</span> <span class='ocrx_word' id='word_1_60' title='bbox 1114 1530 1323 1621; x_wconf 79' lang='lat' dir='ltr'>dignitatem</span> <span class='ocrx_word' id='word_1_61' title='bbox 1338 1534 1536 1622; x_wconf 83' lang='lat' dir='ltr'>pertinent,</span> <span class='ocrx_word' id='word_1_62' title='bbox 1553 1533 1618 1605; x_wconf 83' lang='lat' dir='ltr'>l&#39;ci·</span> 
     </span>
     <span class='ocr_line' id='line_1_10' title="bbox 621 1626 1615 1726; baseline 0.003 -23"><span class='ocrx_word' id='word_1_63' title='bbox 621 1629 702 1704; x_wconf 88' lang='lat' dir='ltr'>licet</span> <span class='ocrx_word' id='word_1_64' title='bbox 714 1630 750 1704; x_wconf 86' lang='lat' dir='ltr'>itt</span> <span class='ocrx_word' id='word_1_65' title='bbox 769 1626 1202 1726; x_wconf 80' lang='lat' dir='ltr'>honoribus,municipris</span> <span class='ocrx_word' id='word_1_66' title='bbox 1216 1627 1448 1715; x_wconf 57' lang='lat' dir='ltr'>‚hereditatm</span> <span class='ocrx_word' id='word_1_67' title='bbox 1467 1631 1504 1706; x_wconf 78' lang='lat' dir='ltr'>dc</span> <span class='ocrx_word' id='word_1_68' title='bbox 1519 1634 1615 1720; x_wconf 81' lang='lat' dir='ltr'>aliia,</span> 
     </span>
    </p>

    <p class='ocr_par' dir='ltr' id='par_1_5' title="bbox 623 1728 954 1828">
     <span class='ocr_line' id='line_1_11' title="bbox 623 1728 954 1828; baseline -0.006 -22"><span class='ocrx_word' id='word_1_69' title='bbox 623 1748 760 1828; x_wconf 85' lang='lat' dir='ltr'>partem</span> <span class='ocrx_word' id='word_1_70' title='bbox 781 1728 954 1826; x_wconf 83' lang='lat' dir='ltr'>sequatur.</span> 
     </span>
    </p>
   </div>
   <div class='ocr_carea' id='block_1_5' title="bbox 365 1881 1616 2046">
    <p class='ocr_par' dir='ltr' id='par_1_6' title="bbox 365 1881 1616 2046">
     <span class='ocr_line' id='line_1_12' title="bbox 365 1881 1616 2046; baseline 0.01 -91"><span class='ocrx_word' id='word_1_71' title='bbox 365 1881 540 2030; x_wconf 51' lang='lat' dir='ltr'>gemm</span> <span class='ocrx_word' id='word_1_72' title='bbox 572 1885 768 2046; x_wconf 77' lang='lat' dir='ltr'>Servitus</span> <span class='ocrx_word' id='word_1_73' title='bbox 786 1889 881 1965; x_wconf 83' lang='lat' dir='ltr'>enim</span> <span class='ocrx_word' id='word_1_74' title='bbox 893 1884 1086 1984; x_wconf 82' lang='lat' dir='ltr'>corporalis</span> <span class='ocrx_word' id='word_1_75' title='bbox 1099 1884 1262 1965; x_wconf 89' lang='lat' dir='ltr'>conditio</span> <span class='ocrx_word' id='word_1_76' title='bbox 1280 1882 1351 1979; x_wconf 88' lang='lat' dir='ltr'>est;</span> <span class='ocrx_word' id='word_1_77' title='bbox 1370 1899 1482 1963; x_wconf 89' lang='lat' dir='ltr'>mater</span> <span class='ocrx_word' id='word_1_78' title='bbox 1494 1903 1616 1969; x_wconf 84' lang='lat' dir='ltr'>autem</span> 
     </span>
    </p>
   </div>
   <div class='ocr_carea' id='block_1_6' title="bbox 226 1986 1615 3889">
    <p class='ocr_par' dir='ltr' id='par_1_7' title="bbox 226 1986 1615 2982">
     <span class='ocr_line' id='line_1_13' title="bbox 226 1986 1615 2183; baseline 0.001 -20"><span class='ocrx_word' id='word_1_79' title='bbox 226 2064 229 2071; x_wconf 78' lang='grc'><strong>’</strong></span> <span class='ocrx_word' id='word_1_80' title='bbox 368 2045 541 2183; x_wconf 57' lang='grc' dir='ltr'>’33ῠά</span> <span class='ocrx_word' id='word_1_81' title='bbox 572 2086 620 2163; x_wconf 65' lang='lat' dir='ltr'>a</span> <span class='ocrx_word' id='word_1_82' title='bbox 640 1986 1488 2181; x_wconf 61' lang='lat' dir='ltr'>illiditfilltiltllllit”ili</span> <span class='ocrx_word' id='word_1_83' title='bbox 1513 2010 1615 2165; x_wconf 73' lang='lat' dir='ltr'>lli:</span> 
     </span>
     <span class='ocr_line' id='line_1_14' title="bbox 363 2131 1615 2281; baseline 0.003 -18"><span class='ocrx_word' id='word_1_84' title='bbox 363 2131 386 2194; x_wconf 70' lang='lat' dir='ltr'>p</span> <span class='ocrx_word' id='word_1_85' title='bbox 573 2202 734 2281; x_wconf 80' lang='lat' dir='ltr'>exparte</span> <span class='ocrx_word' id='word_1_86' title='bbox 753 2187 873 2272; x_wconf 86' lang='lat' dir='ltr'>servo,</span> <span class='ocrx_word' id='word_1_87' title='bbox 894 2189 930 2262; x_wconf 91' lang='lat'>&amp;</span> <span class='ocrx_word' id='word_1_88' title='bbox 949 2208 1060 2263; x_wconf 82' lang='lat' dir='ltr'>matre</span> <span class='ocrx_word' id='word_1_89' title='bbox 1080 2186 1184 2262; x_wconf 88' lang='lat' dir='ltr'>libera</span> <span class='ocrx_word' id='word_1_90' title='bbox 1201 2191 1376 2281; x_wconf 83' lang='lat' dir='ltr'>ingenuus</span> <span class='ocrx_word' id='word_1_91' title='bbox 1390 2209 1432 2261; x_wconf 90' lang='lat' dir='ltr'>ac</span> <span class='ocrx_word' id='word_1_92' title='bbox 1452 2185 1536 2260; x_wconf 88' lang='lat' dir='ltr'>libet</span> <span class='ocrx_word' id='word_1_93' title='bbox 1551 2192 1615 2268; x_wconf 79' lang='lat' dir='ltr'>eli.</span> 
     </span>
     <span class='ocr_line' id='line_1_15' title="bbox 525 2284 1613 2380; baseline -0.002 -16"><span class='ocrx_word' id='word_1_94' title='bbox 525 2366 527 2369; x_wconf 73' lang='grc'><strong><em>,</em></strong></span> <span class='ocrx_word' id='word_1_95' title='bbox 571 2286 669 2365; x_wconf 84' lang='lat' dir='ltr'>Hinc</span> <span class='ocrx_word' id='word_1_96' title='bbox 689 2285 774 2362; x_wconf 88' lang='lat' dir='ltr'>illud</span> <span class='ocrx_word' id='word_1_97' title='bbox 796 2289 880 2380; x_wconf 86' lang='lat' dir='ltr'>jutis</span> <span class='ocrx_word' id='word_1_98' title='bbox 899 2288 1007 2363; x_wconf 85' lang='lat' dir='ltr'>civilis</span> <span class='ocrx_word' id='word_1_99' title='bbox 1029 2286 1196 2362; x_wconf 81' lang='lat' dir='ltr'>effatum:</span> <span class='ocrx_word' id='word_1_100' title='bbox 1224 2293 1339 2354; x_wconf 77' lang='lat' dir='ltr'>Parrus</span> <span class='ocrx_word' id='word_1_101' title='bbox 1357 2284 1507 2380; x_wconf 74' lang='lat' dir='ltr'>fiqnirur</span> <span class='ocrx_word' id='word_1_102' title='bbox 1531 2310 1613 2356; x_wconf 85' lang='lat' dir='ltr'>ven.</span> 
     </span>
     <span class='ocr_line' id='line_1_16' title="bbox 571 2383 1609 2484; baseline 0.003 -22"><span class='ocrx_word' id='word_1_103' title='bbox 571 2405 669 2458; x_wconf 84' lang='lat' dir='ltr'>trem·</span> <span class='ocrx_word' id='word_1_104' title='bbox 694 2386 807 2479; x_wconf 90' lang='lat' dir='ltr'>Quod</span> <span class='ocrx_word' id='word_1_105' title='bbox 828 2387 989 2463; x_wconf 74' lang='lat' dir='ltr'>mosaica</span> <span class='ocrx_word' id='word_1_106' title='bbox 1014 2385 1104 2484; x_wconf 87' lang='lat' dir='ltr'>Legi</span> <span class='ocrx_word' id='word_1_107' title='bbox 1120 2383 1319 2463; x_wconf 87' lang='lat' dir='ltr'>conionum</span> <span class='ocrx_word' id='word_1_108' title='bbox 1344 2387 1393 2463; x_wconf 84' lang='lat' dir='ltr'>est</span> <span class='ocrx_word' id='word_1_109' title='bbox 1422 2388 1530 2455; x_wconf 74' lang='lat' dir='ltr'>Exodi</span> <span class='ocrx_word' id='word_1_110' title='bbox 1547 2404 1609 2466; x_wconf 83' lang='lat' dir='ltr'>at.</span> 
     </span>
     <span class='ocr_line' id='line_1_17' title="bbox 570 2482 1614 2584; baseline -0.01 -20"><span class='ocrx_word' id='word_1_111' title='bbox 570 2488 633 2564; x_wconf 86' lang='lat' dir='ltr'>ubi</span> <span class='ocrx_word' id='word_1_112' title='bbox 657 2485 702 2561; x_wconf 90' lang='lat' dir='ltr'>de</span> <span class='ocrx_word' id='word_1_113' title='bbox 724 2488 824 2563; x_wconf 84' lang='lat' dir='ltr'>l&#39;etvo</span> <span class='ocrx_word' id='word_1_114' title='bbox 842 2491 1008 2584; x_wconf 90' lang='lat' dir='ltr'>emptitio</span> <span class='ocrx_word' id='word_1_115' title='bbox 1029 2489 1179 2563; x_wconf 86' lang='lat' dir='ltr'>dicitur:</span> <span class='ocrx_word' id='word_1_116' title='bbox 1202 2487 1369 2554; x_wconf 70' lang='lat' dir='ltr'>iteneris</span> <span class='ocrx_word' id='word_1_117' title='bbox 1387 2482 1519 2570; x_wconf 72' lang='lat' dir='ltr'>servum</span> <span class='ocrx_word' id='word_1_118' title='bbox 1539 2493 1614 2556; x_wconf 80' lang='lat' dir='ltr'>He.</span> 
     </span>
     <span class='ocr_line' id='line_1_18' title="bbox 569 2581 1612 2678; baseline -0.003 -22"><span class='ocrx_word' id='word_1_119' title='bbox 569 2587 708 2672; x_wconf 70' lang='lat' dir='ltr'>braum,</span> <span class='ocrx_word' id='word_1_120' title='bbox 726 2585 784 2677; x_wconf 72' lang='lat' dir='ltr'>fex</span> <span class='ocrx_word' id='word_1_121' title='bbox 808 2593 899 2658; x_wconf 79' lang='lat' dir='ltr'>annis</span> <span class='ocrx_word' id='word_1_122' title='bbox 917 2588 1043 2675; x_wconf 73' lang='lat' dir='ltr'>lirvitr</span> <span class='ocrx_word' id='word_1_123' title='bbox 1060 2584 1123 2658; x_wconf 77' lang='lat' dir='ltr'>nrt·</span> <span class='ocrx_word' id='word_1_124' title='bbox 1140 2618 1154 2667; x_wconf 89' lang='lat'>,·</span> <span class='ocrx_word' id='word_1_125' title='bbox 1174 2589 1208 2654; x_wconf 88' lang='lat' dir='ltr'>in</span> <span class='ocrx_word' id='word_1_126' title='bbox 1230 2581 1553 2678; x_wconf 71' lang='lat' dir='ltr'>septimotgredirur</span> <span class='ocrx_word' id='word_1_127' title='bbox 1567 2589 1612 2656; x_wconf 86' lang='lat' dir='ltr'>li.</span> 
     </span>
     <span class='ocr_line' id='line_1_19' title="bbox 570 2682 1612 2781; baseline -0.002 -25"><span class='ocrx_word' id='word_1_128' title='bbox 570 2682 628 2757; x_wconf 74' lang='lat' dir='ltr'>ber</span> <span class='ocrx_word' id='word_1_129' title='bbox 654 2691 776 2781; x_wconf 81' lang='lat' dir='ltr'>gratis.</span> <span class='ocrx_word' id='word_1_130' title='bbox 792 2732 824 2766; x_wconf 83' lang='lat'>..</span> <span class='ocrx_word' id='word_1_131' title='bbox 853 2690 890 2758; x_wconf 77' lang='lat' dir='ltr'>ii</span> <span class='ocrx_word' id='word_1_132' title='bbox 912 2689 1058 2759; x_wconf 83' lang='lat' dir='ltr'>dominus</span> <span class='ocrx_word' id='word_1_133' title='bbox 1082 2688 1209 2757; x_wconf 79' lang='lat' dir='ltr'>dederit</span> <span class='ocrx_word' id='word_1_134' title='bbox 1231 2685 1280 2754; x_wconf 85' lang='lat' dir='ltr'>illi</span> <span class='ocrx_word' id='word_1_135' title='bbox 1311 2707 1468 2770; x_wconf 83' lang='lat' dir='ltr'>uxorem,</span> <span class='ocrx_word' id='word_1_136' title='bbox 1493 2686 1534 2757; x_wconf 69' lang='lat' dir='ltr'>(r</span> <span class='ocrx_word' id='word_1_137' title='bbox 1553 2705 1612 2779; x_wconf 81' lang='lat' dir='ltr'>pr.</span> 
     </span>
     <span class='ocr_line' id='line_1_20' title="bbox 567 2782 1609 2882; baseline 0.002 -25"><span class='ocrx_word' id='word_1_138' title='bbox 567 2794 695 2882; x_wconf 77' lang='lat' dir='ltr'>pererit</span> <span class='ocrx_word' id='word_1_139' title='bbox 722 2784 836 2874; x_wconf 75' lang='lat' dir='ltr'>filios,</span> <span class='ocrx_word' id='word_1_140' title='bbox 854 2790 896 2861; x_wconf 71' lang='lat' dir='ltr'>(r</span> <span class='ocrx_word' id='word_1_141' title='bbox 914 2783 1034 2874; x_wconf 76' lang='lat' dir='ltr'>fitius,</span> <span class='ocrx_word' id='word_1_142' title='bbox 1059 2786 1201 2876; x_wconf 83' lang='lat' dir='ltr'>mulier,</span> <span class='ocrx_word' id='word_1_143' title='bbox 1227 2788 1271 2860; x_wconf 54' lang='grc' dir='ltr'>(θ’</span> <span class='ocrx_word' id='word_1_144' title='bbox 1299 2782 1398 2856; x_wconf 82' lang='lat' dir='ltr'>liberi</span> <span class='ocrx_word' id='word_1_145' title='bbox 1424 2787 1494 2880; x_wconf 82' lang='lat' dir='ltr'>ejus</span> <span class='ocrx_word' id='word_1_146' title='bbox 1511 2808 1609 2859; x_wconf 78' lang='lat' dir='ltr'>erunt</span> 
     </span>
     <span class='ocr_line' id='line_1_21' title="bbox 568 2882 1427 2982; baseline -0.003 -25"><span class='ocrx_word' id='word_1_147' title='bbox 568 2890 693 2957; x_wconf 78' lang='lat' dir='ltr'>domini</span> <span class='ocrx_word' id='word_1_148' title='bbox 709 2887 784 2976; x_wconf 75' lang='lat' dir='ltr'>sni,</span> <span class='ocrx_word' id='word_1_149' title='bbox 810 2887 875 2982; x_wconf 81' lang='lat' dir='ltr'>ipse</span> <span class='ocrx_word' id='word_1_150' title='bbox 899 2912 978 2959; x_wconf 84' lang='lat' dir='ltr'>vere</span> <span class='ocrx_word' id='word_1_151' title='bbox 1000 2884 1108 2957; x_wconf 80' lang='lat' dir='ltr'>exibit</span> <span class='ocrx_word' id='word_1_152' title='bbox 1131 2910 1203 2957; x_wconf 82' lang='lat' dir='ltr'>curn</span> <span class='ocrx_word' id='word_1_153' title='bbox 1222 2882 1342 2965; x_wconf 74' lang='lat' dir='ltr'>vellite</span> <span class='ocrx_word' id='word_1_154' title='bbox 1359 2884 1427 2973; x_wconf 77' lang='lat' dir='ltr'>suo,</span> 
     </span>
    </p>

    <p class='ocr_par' dir='ltr' id='par_1_8' title="bbox 561 2984 1608 3789">
     <span class='ocr_line' id='line_1_22' title="bbox 618 2984 1607 3087; baseline -0.008 -22"><span class='ocrx_word' id='word_1_155' title='bbox 618 2987 748 3065; x_wconf 83' lang='lat' dir='ltr'>Eadem</span> <span class='ocrx_word' id='word_1_156' title='bbox 767 2986 904 3087; x_wconf 85' lang='lat' dir='ltr'>Regula</span> <span class='ocrx_word' id='word_1_157' title='bbox 922 2988 1103 3084; x_wconf 85' lang='lat' dir='ltr'>colligitur</span> <span class='ocrx_word' id='word_1_158' title='bbox 1120 3008 1166 3064; x_wconf 81' lang='lat' dir='ltr'>ex</span> <span class='ocrx_word' id='word_1_159' title='bbox 1186 3009 1262 3063; x_wconf 86' lang='lat' dir='ltr'>cao.</span> <span class='ocrx_word' id='word_1_160' title='bbox 1289 2984 1423 3077; x_wconf 81' lang='lat' dir='ltr'>Liberi,</span> <span class='ocrx_word' id='word_1_161' title='bbox 1439 2994 1535 3071; x_wconf 67' lang='lat' dir='ltr'>causa</span> <span class='ocrx_word' id='word_1_162' title='bbox 1550 3013 1607 3086; x_wconf 79' lang='lat'>32.</span> 
     </span>
     <span class='ocr_line' id='line_1_23' title="bbox 566 3084 1607 3189; baseline -0.001 -24"><span class='ocrx_word' id='word_1_163' title='bbox 566 3112 627 3189; x_wconf 90' lang='lat' dir='ltr'>qu·</span> <span class='ocrx_word' id='word_1_164' title='bbox 642 3112 676 3180; x_wconf 79' lang='lat'><em>4</em></span> <span class='ocrx_word' id='word_1_165' title='bbox 716 3094 777 3187; x_wconf 87' lang='lat' dir='ltr'>qui</span> <span class='ocrx_word' id='word_1_166' title='bbox 798 3092 847 3165; x_wconf 83' lang='lat' dir='ltr'>est</span> <span class='ocrx_word' id='word_1_167' title='bbox 877 3096 908 3163; x_wconf 81' lang='lat' dir='ltr'>S.</span> <span class='ocrx_word' id='word_1_168' title='bbox 928 3086 1043 3177; x_wconf 78' lang='lat' dir='ltr'>Ifiduri</span> <span class='ocrx_word' id='word_1_169' title='bbox 1065 3084 1263 3180; x_wconf 73' lang='lat' dir='ltr'>Hispalenfir</span> <span class='ocrx_word' id='word_1_170' title='bbox 1293 3088 1353 3164; x_wconf 83' lang='lat' dir='ltr'>lib.</span> <span class='ocrx_word' id='word_1_171' title='bbox 1370 3112 1403 3176; x_wconf 86' lang='lat'>9.</span> <span class='ocrx_word' id='word_1_172' title='bbox 1434 3099 1607 3187; x_wconf 84' lang='lat' dir='ltr'>Originum</span> 
     </span>
     <span class='ocr_line' id='line_1_24' title="bbox 563 3189 1608 3287; baseline 0.004 -28"><span class='ocrx_word' id='word_1_173' title='bbox 563 3213 640 3287; x_wconf 79' lang='lat' dir='ltr'>cap.</span> <span class='ocrx_word' id='word_1_174' title='bbox 656 3190 738 3272; x_wconf 84' lang='lat'>5.&amp;</span> <span class='ocrx_word' id='word_1_175' title='bbox 758 3213 834 3284; x_wconf 86' lang='lat' dir='ltr'>cap.</span> <span class='ocrx_word' id='word_1_176' title='bbox 864 3193 1040 3275; x_wconf 76' lang='lat' dir='ltr'>Indoctus,</span> <span class='ocrx_word' id='word_1_177' title='bbox 1062 3189 1139 3266; x_wconf 74' lang='lat' dir='ltr'>Ext</span> <span class='ocrx_word' id='word_1_178' title='bbox 1170 3191 1224 3259; x_wconf 85' lang='lat' dir='ltr'>Dc</span> <span class='ocrx_word' id='word_1_179' title='bbox 1244 3193 1330 3256; x_wconf 80' lang='lat' dir='ltr'>naris</span> <span class='ocrx_word' id='word_1_180' title='bbox 1352 3213 1392 3256; x_wconf 78' lang='lat' dir='ltr'>ex</span> <span class='ocrx_word' id='word_1_181' title='bbox 1402 3191 1505 3263; x_wconf 86' lang='lat' dir='ltr'>libero</span> <span class='ocrx_word' id='word_1_182' title='bbox 1526 3219 1608 3263; x_wconf 82' lang='lat' dir='ltr'>vrn-</span> 
     </span>
     <span class='ocr_line' id='line_1_25' title="bbox 561 3286 1605 3391; baseline 0.005 -31"><span class='ocrx_word' id='word_1_183' title='bbox 561 3309 636 3376; x_wconf 83' lang='lat' dir='ltr'>rre,</span> <span class='ocrx_word' id='word_1_184' title='bbox 658 3290 758 3387; x_wconf 86' lang='lat' dir='ltr'>quod</span> <span class='ocrx_word' id='word_1_185' title='bbox 773 3312 819 3365; x_wconf 81' lang='lat' dir='ltr'>ex</span> <span class='ocrx_word' id='word_1_186' title='bbox 832 3295 862 3358; x_wconf 84' lang='lat' dir='ltr'>S·</span> <span class='ocrx_word' id='word_1_187' title='bbox 874 3293 1034 3384; x_wconf 83' lang='lat' dir='ltr'>Gregorio</span> <span class='ocrx_word' id='word_1_188' title='bbox 1048 3288 1139 3365; x_wconf 86' lang='lat' dir='ltr'>libro</span> <span class='ocrx_word' id='word_1_189' title='bbox 1157 3308 1188 3369; x_wconf 84' lang='lat'>1.</span> <span class='ocrx_word' id='word_1_190' title='bbox 1216 3286 1318 3386; x_wconf 79' lang='lat' dir='ltr'>Epist·</span> <span class='ocrx_word' id='word_1_191' title='bbox 1333 3304 1391 3379; x_wconf 83' lang='lat'>53.</span> <span class='ocrx_word' id='word_1_192' title='bbox 1424 3291 1605 3391; x_wconf 86' lang='lat' dir='ltr'>sumptum</span> 
     </span>
     <span class='ocr_line' id='line_1_26' title="bbox 562 3386 1608 3477; baseline -0.009 -4"><span class='ocrx_word' id='word_1_193' title='bbox 562 3395 621 3473; x_wconf 76' lang='lat' dir='ltr'>cit.</span> <span class='ocrx_word' id='word_1_194' title='bbox 651 3386 730 3466; x_wconf 88' lang='lat' dir='ltr'>Hac</span> <span class='ocrx_word' id='word_1_195' title='bbox 764 3405 882 3465; x_wconf 90' lang='lat' dir='ltr'>tamen</span> <span class='ocrx_word' id='word_1_196' title='bbox 903 3391 948 3467; x_wconf 88' lang='lat' dir='ltr'>de</span> <span class='ocrx_word' id='word_1_197' title='bbox 978 3414 1015 3467; x_wconf 87' lang='lat' dir='ltr'>re</span> <span class='ocrx_word' id='word_1_198' title='bbox 1039 3387 1231 3466; x_wconf 81' lang='lat' dir='ltr'>secundum</span> <span class='ocrx_word' id='word_1_199' title='bbox 1266 3387 1384 3477; x_wconf 82' lang='lat' dir='ltr'>leges,</span> <span class='ocrx_word' id='word_1_200' title='bbox 1403 3392 1438 3464; x_wconf 77' lang='lat' dir='ltr'>dc</span> <span class='ocrx_word' id='word_1_201' title='bbox 1459 3396 1608 3469; x_wconf 83' lang='lat' dir='ltr'>coulne.</span> 
     </span>
     <span class='ocr_line' id='line_1_27' title="bbox 562 3487 1607 3591; baseline 0.008 -28"><span class='ocrx_word' id='word_1_202' title='bbox 562 3490 702 3565; x_wconf 87' lang='lat' dir='ltr'>tudioes</span> <span class='ocrx_word' id='word_1_203' title='bbox 721 3490 950 3590; x_wconf 80' lang='lat' dir='ltr'>municipales</span> <span class='ocrx_word' id='word_1_204' title='bbox 980 3487 1236 3588; x_wconf 83' lang='lat' dir='ltr'>judicandum,</span> <span class='ocrx_word' id='word_1_205' title='bbox 1254 3488 1291 3560; x_wconf 91' lang='lat' dir='ltr'>in</span> <span class='ocrx_word' id='word_1_206' title='bbox 1324 3489 1362 3560; x_wconf 92' lang='lat' dir='ltr'>iis</span> <span class='ocrx_word' id='word_1_207' title='bbox 1386 3489 1499 3578; x_wconf 89' lang='lat' dir='ltr'>locis,</span> <span class='ocrx_word' id='word_1_208' title='bbox 1526 3516 1607 3591; x_wconf 75' lang='lat' dir='ltr'>quae</span> 
     </span>
     <span class='ocr_line' id='line_1_28' title="bbox 561 3582 1607 3694; baseline -0.004 -30"><span class='ocrx_word' id='word_1_209' title='bbox 561 3612 715 3664; x_wconf 84' lang='lat' dir='ltr'>romano</span> <span class='ocrx_word' id='word_1_210' title='bbox 749 3593 828 3684; x_wconf 79' lang='lat' dir='ltr'>jure</span> <span class='ocrx_word' id='word_1_211' title='bbox 844 3611 934 3680; x_wconf 56' lang='lat' dir='ltr'>,pon</span> <span class='ocrx_word' id='word_1_212' title='bbox 966 3605 1167 3694; x_wconf 77' lang='lat' dir='ltr'>reguntur,</span> <span class='ocrx_word' id='word_1_213' title='bbox 1194 3582 1343 3656; x_wconf 79' lang='lat' dir='ltr'>Urbanus</span> <span class='ocrx_word' id='word_1_214' title='bbox 1368 3592 1437 3659; x_wconf 85' lang='lat' dir='ltr'>Ill.</span> <span class='ocrx_word' id='word_1_215' title='bbox 1463 3592 1607 3689; x_wconf 83' lang='lat' dir='ltr'>respon.</span> 
     </span>
     <span class='ocr_line' id='line_1_29' title="bbox 561 3686 1608 3789; baseline -0.006 -26"><span class='ocrx_word' id='word_1_216' title='bbox 561 3689 614 3763; x_wconf 85' lang='lat' dir='ltr'>dit</span> <span class='ocrx_word' id='word_1_217' title='bbox 638 3711 717 3784; x_wconf 83' lang='lat' dir='ltr'>cap.</span> <span class='ocrx_word' id='word_1_218' title='bbox 744 3692 862 3774; x_wconf 84' lang='lat' dir='ltr'>Lictr,</span> <span class='ocrx_word' id='word_1_219' title='bbox 886 3688 968 3765; x_wconf 72' lang='lat' dir='ltr'>Ext·</span> <span class='ocrx_word' id='word_1_220' title='bbox 994 3694 1047 3759; x_wconf 88' lang='lat' dir='ltr'>De</span> <span class='ocrx_word' id='word_1_221' title='bbox 1062 3688 1209 3778; x_wconf 70' lang='lat' dir='ltr'>cunjugio</span> <span class='ocrx_word' id='word_1_222' title='bbox 1225 3686 1417 3770; x_wconf 78' lang='lat' dir='ltr'>servorum,</span> <span class='ocrx_word' id='word_1_223' title='bbox 1439 3693 1608 3789; x_wconf 57' lang='lat' dir='ltr'>idemque</span> 
     </span>
    </p>

    <p class='ocr_par' dir='ltr' id='par_1_9' title="bbox 527 3785 1603 3889">
     <span class='ocr_line' id='line_1_30' title="bbox 527 3785 1603 3889; baseline 0.004 -24"><span class='ocrx_word' id='word_1_224' title='bbox 527 3850 531 3855; x_wconf 92' lang='lat'>.</span> <span class='ocrx_word' id='word_1_225' title='bbox 562 3790 673 3866; x_wconf 87' lang='lat' dir='ltr'>docet</span> <span class='ocrx_word' id='word_1_226' title='bbox 696 3792 728 3864; x_wconf 84' lang='lat' dir='ltr'>S.</span> <span class='ocrx_word' id='word_1_227' title='bbox 743 3787 905 3875; x_wconf 74' lang='lat' dir='ltr'>Thomas,</span> <span class='ocrx_word' id='word_1_228' title='bbox 919 3792 955 3864; x_wconf 88' lang='lat' dir='ltr'>in</span> <span class='ocrx_word' id='word_1_229' title='bbox 975 3806 1011 3875; x_wconf 76' lang='lat'>4</span> <span class='ocrx_word' id='word_1_230' title='bbox 1031 3792 1174 3856; x_wconf 78' lang='lat' dir='ltr'>Sentent-</span> <span class='ocrx_word' id='word_1_231' title='bbox 1199 3785 1275 3863; x_wconf 88' lang='lat' dir='ltr'>dist·</span> <span class='ocrx_word' id='word_1_232' title='bbox 1292 3794 1347 3879; x_wconf 65' lang='lat'>36·</span> <span class='ocrx_word' id='word_1_233' title='bbox 1361 3812 1422 3889; x_wconf 84' lang='lat' dir='ltr'>qu.</span> <span class='ocrx_word' id='word_1_234' title='bbox 1439 3812 1467 3863; x_wconf 87' lang='lat'>1.</span> <span class='ocrx_word' id='word_1_235' title='bbox 1485 3810 1550 3869; x_wconf 87' lang='lat' dir='ltr'>att·</span> <span class='ocrx_word' id='word_1_236' title='bbox 1564 3811 1603 3887; x_wconf 87' lang='lat'>4.</span> 
     </span>
    </p>
   </div>
   <div class='ocr_carea' id='block_1_7' title="bbox 870 3975 1298 4067">
    <p class='ocr_par' dir='ltr' id='par_1_10' title="bbox 870 3975 1298 4067">
     <span class='ocr_line' id='line_1_31' title="bbox 870 3975 1298 4067; baseline -0.021 -6"><span class='ocrx_word' id='word_1_237' title='bbox 870 3975 1195 4067; x_wconf 83' lang='lat' dir='ltr'>REGULA</span> <span class='ocrx_word' id='word_1_238' title='bbox 1245 3976 1298 4060; x_wconf 91' lang='lat' dir='ltr'>X.</span> 
     </span>
    </p>
   </div>
   <div class='ocr_carea' id='block_1_8' title="bbox 563 4137 1607 4434">
    <p class='ocr_par' dir='ltr' id='par_1_11' title="bbox 563 4137 1607 4434">
     <span class='ocr_line' id='line_1_32' title="bbox 563 4137 1605 4238; baseline 0 -17"><span class='ocrx_word' id='word_1_239' title='bbox 563 4137 658 4221; x_wconf 79' lang='lat' dir='ltr'>Cum</span> <span class='ocrx_word' id='word_1_240' title='bbox 682 4140 949 4217; x_wconf 84' lang='lat' dir='ltr'>matrimonium</span> <span class='ocrx_word' id='word_1_241' title='bbox 991 4140 1127 4217; x_wconf 89' lang='lat' dir='ltr'>ittitum</span> <span class='ocrx_word' id='word_1_242' title='bbox 1154 4138 1204 4215; x_wconf 88' lang='lat' dir='ltr'>est</span> <span class='ocrx_word' id='word_1_243' title='bbox 1233 4140 1282 4214; x_wconf 90' lang='lat' dir='ltr'>ob</span> <span class='ocrx_word' id='word_1_244' title='bbox 1307 4137 1605 4238; x_wconf 87' lang='lat' dir='ltr'>impedimentum</span> 
     </span>
     <span class='ocr_line' id='line_1_33' title="bbox 591 4237 1602 4341; baseline 0.002 -26"><span class='ocrx_word' id='word_1_245' title='bbox 591 4242 757 4329; x_wconf 60' lang='lat' dir='ltr'>errotis,</span> <span class='ocrx_word' id='word_1_246' title='bbox 775 4237 831 4313; x_wconf 82' lang='lat' dir='ltr'>vel</span> <span class='ocrx_word' id='word_1_247' title='bbox 855 4237 1100 4325; x_wconf 84' lang='lat' dir='ltr'>conditionis,</span> <span class='ocrx_word' id='word_1_248' title='bbox 1125 4258 1241 4316; x_wconf 86' lang='lat' dir='ltr'>ratum</span> <span class='ocrx_word' id='word_1_249' title='bbox 1265 4238 1339 4316; x_wconf 88' lang='lat' dir='ltr'>fieri</span> <span class='ocrx_word' id='word_1_250' title='bbox 1369 4265 1442 4317; x_wconf 92' lang='lat' dir='ltr'>non</span> <span class='ocrx_word' id='word_1_251' title='bbox 1462 4243 1602 4341; x_wconf 55' lang='lat' dir='ltr'>potest}</span> 
     </span>
     <span class='ocr_line' id='line_1_34' title="bbox 618 4337 1607 4434; baseline -0.003 -16"><span class='ocrx_word' id='word_1_252' title='bbox 618 4337 683 4418; x_wconf 90' lang='lat' dir='ltr'>nili</span> <span class='ocrx_word' id='word_1_253' title='bbox 709 4337 898 4415; x_wconf 84' lang='lat' dir='ltr'>accedente</span> <span class='ocrx_word' id='word_1_254' title='bbox 911 4361 1011 4414; x_wconf 89' lang='lat' dir='ltr'>novo</span> <span class='ocrx_word' id='word_1_255' title='bbox 1025 4343 1177 4434; x_wconf 85' lang='lat' dir='ltr'>partium</span> <span class='ocrx_word' id='word_1_256' title='bbox 1199 4339 1388 4426; x_wconf 83' lang='lat' dir='ltr'>consensu,</span> <span class='ocrx_word' id='word_1_257' title='bbox 1413 4342 1449 4417; x_wconf 85' lang='lat' dir='ltr'>dc</span> <span class='ocrx_word' id='word_1_258' title='bbox 1475 4342 1535 4416; x_wconf 83' lang='lat' dir='ltr'>nist</span> <span class='ocrx_word' id='word_1_259' title='bbox 1556 4344 1607 4416; x_wconf 75' lang='lat' dir='ltr'>i«</span> 
     </span>
    </p>
   </div>
   <div class='ocr_carea' id='block_1_9' title="bbox 608 4436 1577 4705">
    <p class='ocr_par' dir='ltr' id='par_1_12' title="bbox 608 4436 1577 4705">
     <span class='ocr_line' id='line_1_35' title="bbox 608 4436 1577 4535; baseline -0.002 -16"><span class='ocrx_word' id='word_1_260' title='bbox 608 4438 770 4521; x_wconf 86' lang='lat' dir='ltr'>cundum</span> <span class='ocrx_word' id='word_1_261' title='bbox 790 4437 944 4519; x_wconf 78' lang='lat' dir='ltr'>sormam</span> <span class='ocrx_word' id='word_1_262' title='bbox 961 4437 1162 4518; x_wconf 85' lang='lat' dir='ltr'>Tridentini</span> <span class='ocrx_word' id='word_1_263' title='bbox 1178 4436 1331 4519; x_wconf 85' lang='lat' dir='ltr'>Concilii</span> <span class='ocrx_word' id='word_1_264' title='bbox 1351 4443 1577 4535; x_wconf 81' lang='lat' dir='ltr'>contrahant.</span> 
     </span>
     <span class='ocr_line' id='line_1_36' title="bbox 1346 4598 1557 4705; baseline -0.019 -24"><span class='ocrx_word' id='word_1_265' title='bbox 1346 4675 1355 4705; x_wconf 80' lang='grc'><strong><em>,</em></strong></span> <span class='ocrx_word' id='word_1_266' title='bbox 1470 4598 1557 4681; x_wconf 82' lang='lat' dir='ltr'>Haec</span> 
     </span>
    </p>
   </div>
   <div class='ocr_carea' id='block_1_10' title="bbox 0 0 1854 5425">
    <p class='ocr_par' dir='ltr' id='par_1_13' title="bbox 0 0 1854 5425">
     <span class='ocr_line' id='line_1_37' title="bbox 0 0 1854 5425; baseline 0 5"><span class='ocrx_word' id='word_1_267' title='bbox 0 0 1854 5425; x_wconf 95' lang='lat' dir='ltr'> </span> 
     </span>
    </p>
   </div>
  </div>
 </body>
</html>
