3700 5425
500 373 584 460 608
701 357 857 454 Theot
878 356 995 469 Dog.
1019 349 1226 448 &llloral
1245 351 1478 456 linui..

802 522 1254 612 REGULALL
1365 535 1369 544 “
1541 541 1545 548 “

504 683 700 768 Contentus
715 690 752 766 in
769 687 884 765 allum
903 689 1040 785 peccati
1054 683 1218 784 procefflt
1242 706 1262 761 a
1291 677 1432 764 ratione
1449 677 1557 788 supa-³

713 791 797 866 riori
821 787 1036 866 deliberante
1053 787 1113 873 ,&
1137 785 1330 884 judicante.

298 955 484 1050 oeeansen-
501 1001 523 1040 „
536 1002 557 1039 ,‚
572 949 712 1106 Hoc
735 944 811 1044 ipso
831 949 942 1030 enim,
971 944 1071 1044 quod
1089 946 1179 1019 ratio
1195 938 1351 1040 superior
1374 963 1450 1018 non
1470 941 1555 1020 diri·

296 1037 482 1126 furnillum
653 1052 733 1146 'git
746 1047 840 1124 allus
854 1043 1230 1123 humanosstcundum
1242 1039 1359 1138 legem
1371 1042 1554 1124 divinam»

296 1127 422 1193 “⁰⁶³¹''
499 1147 696 1244 impedient
713 1146 828 1223 allum
842 1149 996 1242 peccati,
1009 1137 1143 1219 'dicitur
1155 1143 1224 1241 ipl'a
1239 1141 1436 1216 consentire
1455 1143 1551 1228 ,lira

499 1251 638 1343 cogitet
653 1251 696 1320 de
711 1248 787 1343 lege
806 1262 955 1330 aetema,
973 1244 1043 1319 five
1060 1267 1147 1318 non·
1180 1241 1275 1320 Cum
1290 1247 1385 1317 enirn
1410 1245 1555 1338 cogitat

500 1347 546 1421 tle
570 1346 649 1443 lege
661 1344 733 1423 Dei
745 1346 846 1432 otiu,
863 1369 940 1420 eam
956 1345 1156 1421 contemnit
1168 1362 1180 1432 ;
1192 1365 1275 1418 cum
1295 1364 1380 1416 vero
1395 1363 1472 1416 non
1485 1365 1565 1418 co·-

500 1449 616 1543 gitat,
644 1471 721 1522 eam
750 1448 900 1542 negligit
929 1467 992 1541 per
1024 1444 1175 1519 modum
1208 1437 1401 1518 omiffionit
1432 1439 1552 1536 cuius·

501 1546 584 1620 dam
618 1548 748 1640 „„;(
760 1549 876 1644 iuquit
900 1551 933 1617 S.
952 1543 1122 1627 Thomas,
1151 1558 1232 1613 m.
1256 1564 1290 1637 q.
1311 1559 1369 1632 74
1401 1556 1465 1614 art·
1484 1537 1548 1634 70>

500 1643 609 1720 Unde
631 1661 662 1715 a.
676 1640 810 1739 August.
833 1645 892 1719 lib.
906 1663 963 1719 12.
982 1643 1128 1717 deTrin.
1150 1665 1181 1718 c·
1195 1657 1247 1715 η’.
1270 1645 1337 1716 altr
1360 1694 1415 1731 „,‚
1443 1635 1546 1716 Dum

501 1745 586 1819 huic
606 1748 797 1821 intentioni
820 1749 968 1821 mentis,
992 1768 1071 1841 quae
1089 1749 1124 1818 in
1142 1745 1244 1815 rebus
1269 1738 1548 1836 temporalibus.

502 1843 540 1918 &
567 1846 810 1934 corporalibus
826 1861 974 1941 propter
996 1847 1139 1919 rationis
1154 1837 1313 1917 officium
1333 1841 1547 1915 ratiocinan-

503 1944 540 2016 di
568 1947 751 2021 vivacitate
785 1945 958 2029 versatur,
985 1945 1131 2019 earnalis
1157 1941 1213 2016 ille
1235 1940 1368 2015 sensus.
1399 1937 1453 2012 vel
1472 1941 1547 2014 ani·

502 2044 601 2118 malit
619 2048 747 2141 ingerit
765 2046 956 2141 quamdam
979 2046 1176 2120 illecebram
1191 2042 1328 2116 fruendi
1342 2038 1395 2123 se,
1415 2039 1451 2112 id
1472 2041 1546 2134 eli,

502 2157 671 2242 tanquam
703 2148 802 2220 bono
825 2146 983 2242 quodam
1011 2146 1178 2242 privato,
1209 2145 1245 2217 &
1268 2144 1416 2236 proprio
1435 2191 1446 2223 ,
1467 2151 1547 2216 oon

501 2257 671 2341 tanquam
688 2245 850 2342 publico,
870 2261 977 2342 atque
990 2247 1195 2326 communi,
1214 2242 1314 2339 quod
1336 2240 1384 2313 ell
1403 2243 1546 2314 incom-

500 2344 668 2419 mutabile
691 2348 859 2424 bonum,
887 2360 975 2420 tunc
1001 2345 1095 2420 velut
1119 2342 1255 2436 serpens
1272 2339 1465 2433 alloquitur
1490 2337 1546 2413 fe·

458 2489 462 2497 ·
497 2446 643 2518 minant.
673 2443 768 2521 Huic
789 2461 907 2519 autem
936 2444 1105 2520 illecebrae
1127 2441 1324 2518 consentire
1342 2493 1352 2524 ,
1373 2436 1418 2512 de
1438 2438 1544 2534 ligno

496 2539 682 2637 prohibito
704 2546 916 2621 manducare
938 2544 997 2620 ell.
1028 2543 1096 2623 Sed
1113 2543 1172 2618 ille
1196 2536 1399 2640 consenl'us,
1421 2535 1445 2612 lt
1470 2537 1544 2617 iola

495 2645 724 2740 cogitationis
760 2644 991 2720 delellatione
1027 2657 1218 2721 contentus
1243 2641 1319 2722 est,
1352 2638 1542 2734 superioria

494 2765 581 2818 vero
603 2745 807 2820 autloritate
832 2745 991 2830 consilii,
1010 2748 1055 2819 ita
1079 2747 1235 2819 membra
1257 2743 1475 2824 retinentur,
1499 2756 1542 2816 ut

491 2864 570 2918 non
594 2846 826 2920 exhibeantur
856 2869 951 2919 arma
984 2847 1175 2938 iniquitatis
1203 2856 1380 2935 peccato;
1406 2839 1453 2913 lic
1477 2840 1542 2915 ha-

494 2942 653 3018 bendum
679 2945 843 3019 existimo
858 3000 867 3030 ‚
882 2946 980 3020 velut
1004 2949 1123 3019 cibum
1150 2952 1295 3016 vetitum
1318 2938 1443 3013 mulier
1468 2937 1542 3016 lollt

490 3047 698 3118 comederit.
727 3044 760 3119 Si
784 3064 900 3118 autem
922 3048 957 3117 in
977 3043 1206 3118 tonl'ensrone
1228 3041 1318 3114 male
1342 3038 1464 3115 utendi
1484 3062 1541 3114 ra-

492 3142 585 3225 bns,
613 3167 691 3237 quae
721 3168 783 3241 per
810 3144 943 3220 sensum
975 3150 1136 3240 corporis
1161 3141 1384 3216 sentiuntur,
1406 3140 1452 3212 ita
1473 3143 1539 3213 de-

493 3245 647 3317 cernitur
670 3245 914 3340 quodcunque
938 3267 1124 3337 peccatum
1148 3291 1158 3322 ‚
1182 3261 1221 3315 ot
1244 3238 1267 3313 sr
1293 3236 1444 3332 potestas
1469 3235 1535 3326 fit,

492 3343 597 3415 etiam
620 3365 772 3436 corpore
793 3342 1039 3439 compleatur;
1064 3339 1289 3435 intelligenda
1308 3341 1355 3413 ell
1378 3336 1432 3411 illa
1453 3362 1537 3415 mu·

492 3437 552 3513 lier
578 3440 706 3516 derlill'e
724 3448 799 3517 viro
823 3442 884 3517 l'oo
905 3442 1020 3517 lecum
1044 3442 1142 3517 limul
1166 3441 1344 3513 edendum
1373 3436 1535 3516 illicitum

488 3540 620 3615 cibum.
656 3543 783 3637 Neque
802 3545 896 3616 enirn
919 3544 1033 3633 norell
1052 3557 1237 3635 peccatum
1252 3561 1326 3612 non
1340 3538 1454 3612 solum
1468 3560 1536 3614 co-

484 3641 671 3730 gitandum
706 3643 876 3725 suaviter,
908 3666 1031 3717 verum
1060 3644 1164 3715 etiam
1191 3635 1378 3714 efficaciter
1403 3659 1533 3729 perpe·

485 3740 649 3815 trandum
672 3759 791 3814 mente
812 3742 974 3824 decerni,
995 3739 1054 3814 nisi
1078 3746 1111 3813 br
1129 3742 1183 3814 illa
1207 3742 1333 3812 mentis
1353 3740 1529 3824 intentio,

483 3858 591 3929 penes
615 3865 721 3934 qnam
747 3841 879 3916 lumina
903 3841 1055 3936 potestas
1075 3840 1147 3916 cll,
1172 3839 1329 3912 mernbra
1350 3839 1385 3910 in
1408 3836 1531 3915 adum

479 3942 669 4024 movendi,
692 3941 744 4014 vel
765 3943 808 4015 ab
829 3963 941 4036 opere
965 3940 1177 4019 cohibendi,
1197 3937 1296 4012 malae
1321 3936 1448 4011 artioni
1469 3960 1532 4013 ce·

477 4034 559 4110 dat.
582 4039 618 4111 ἂ
647 4041 767 4114 l‘ervint
799 4095 820 4128 „
838 4096 869 4130 ,‚.
900 4037 1093 4115 Rationem
1125 4040 1342 4132 superiorem
1371 4035 1533 4134 intelligo

474 4154 633 4210 mentem
660 4140 835 4223 bominis¹
859 4161 1032 4229 qrratenus
1051 4143 1187 4213 aeternio
1211 4139 1409 4213 rationibus
1435 4157 1528 4212 cou-

211 4290 217 4305 .
308 4288 343 4369 l
472 4232 676 4326 spiciendis,
700 4238 754 4313 vel
776 4239 1023 4322 eonl'ulendis,
1045 4239 1100 4315 l'eu
1122 4238 1191 4331 legi
1209 4255 1348 4312 aettrnae
1369 4233 1528 4311 anhaere·

412 4324 415 4329 ’
467 4328 757 4428 scrutationem
787 4362 871 4422 vero
894 4338 1134 4427 interrorem,
1159 4338 1322 4421 eamdem
1348 4352 1526 4437 quatenu·

235 4518 283 4580 Δ
1417 4433 1466 4515 ad
