3700 5425
556 569 626 661 De
649 563 837 660 ‘Perenne
863 568 909 655 in
929 561 1098 681 gentle.
1141 604 1163 621 ·’
1268 582 1353 697 m

620 700 632 735 b

306 743 486 824 sententiae
508 744 715 836 pru-nitentis
738 784 750 827 ,
772 739 809 816 δι
836 738 1015 817 absolvere
1035 743 1154 817 minus
1181 740 1362 839 probabi-¹

307 847 379 920 lem
405 849 614 941 opinionem
646 841 802 917 secutum
825 862 931 923 ,non
964 838 1170 935 fungeretur
1194 842 1346 937 ampliu·

308 940 434 1036 iudicis
460 939 582 1018 officio
605 961 617 1030 ;
649 939 706 1016 led
727 941 907 1038 poenitenu
938 939 1011 1038 ipse
1033 939 1254 1017 conscientiae
1279 941 1349 1020 lud
1436 1018 1438 1022 ,

308 1046 419 1140 ludex
442 1040 523 1118 ellet
543 1044 578 1117 in
605 1043 824 1135 poenitentiae
848 1038 1010 1115 tribunali
1023 1064 1035 1135 ;
1055 1041 1090 1114 de
1112 1041 1256 1136 eligeret
1279 1059 1348 1136 pro

308 1147 453 1219 arbitrio
474 1144 536 1218 luo
576 1141 781 1216 sententiam
807 1139 976 1234 ligantem
1003 1193 1014 1225 ,
1046 1140 1100 1214 vel
1137 1140 1344 1220 solventem.

309 1238 405 1322 Nam
428 1266 511 1319 cuna
533 1239 706 1317 Sacerdos
736 1238 869 1333 Judicat
891 1235 958 1315 elle
984 1238 1236 1317 restituendum
1254 1288 1265 1318 2
1284 1265 1350 1321 ne.

306 1345 545 1441 gotiationem
579 1340 857 1430 dimittendam,
891 1330 1019 1426 votu'm
1051 1340 1374 1435 adimplendum·
1491 1334 1497 1344 ’
1542 1322 1546 1331 ’

307 1441 532 1536 occasionem
540 1442 681 1547 peccati
706 1436 995 1535 relinquendam,
1028 1438 1186 1537 autquid
1212 1437 1353 1524 ssmiles

305 1544 420 1619 statim
457 1542 601 1636 objiciet
640 1540 852 1634 poenitens,
877 1537 995 1613 livere
1033 1537 1096 1615 sabi
1137 1542 1348 1638 opinionem
1387 1577 1392 1613 t

307 1641 559 1739 probabilem,
583 1636 777 1730 secundnm
804 1660 912 1734 quam
938 1636 974 1712 id
1009 1638 1168 1734 praellare
1201 1642 1348 1719 minime

307 1755 459 1818 tenetur.
484 1738 587 1815 Unde
603 1739 735 1814 inloto
754 1739 879 1829 animae
897 1736 1008 1832 judex
1028 1761 1103 1821 nou
1123 1758 1238 1816 errans
1250 1738 1351 1839 sequi

314 1854 469 1936 cogetur
490 1843 634 1914 errantis
660 1841 711 1913 rei
731 1837 901 1931 judicium
929 1880 940 1924 ,
976 1860 1051 1929 non
1073 1860 1152 1915 reus
1175 1837 1351 1934 judicium

305 1938 583 2035 Sacerdotis3&
606 1945 641 2013 lo
662 1948 753 2014 terra
765 1934 900 2012 solvere
920 1991 931 2022 ‚
951 1960 1059 2035 quem
1075 1937 1222 2032 ligatum
1244 1942 1350 2020 norit

307 2041 345 2116 in
367 2038 486 2123 coelo,
511 2037 641 2132 (quod
662 2036 851 2114 absurdum
877 2035 936 2112 eli·
955 2037 973 2124 )
993 2034 1038 2114 Et
1061 2040 1241 2133 poenitent
1263 2059 1350 2137 pro·

307 2154 425 2236 pterea
442 2140 508 2216 erit
531 2136 762 2215 tlbsolutione
778 2138 967 2234 indignus,
982 2139 1064 2236 quia
1075 2151 1201 2236 praeter
1212 2138 1350 2235 peccati

305 2239 481 2315 maculam
503 2235 610 2314 babet
629 2241 733 2313 etiam
750 2241 877 2312 erroris
897 2239 1189 2317 contumaciam,
1208 2239 1244 2314 dc
1265 2261 1352 2338 pec·

306 2339 410 2416 candi
434 2339 658 2435 propositum
679 2357 763 2412 cum
785 2335 852 2413 isto
881 2335 1017 2437 semper
1044 2357 1164 2425 errore
1196 2339 1351 2433 conjun-

305 2440 402 2517 erum
422 2462 433 2532 ;
453 2437 554 2536 quod
577 2435 690 2515 rursus
712 2436 911 2519 absurdum.

356 2538 550 2620 Praeterea,
570 2536 728 2614 medicus
744 2539 957 2634 opinionem
974 2536 1091 2619 minut
1106 2534 1355 2637 probabilem

307 2637 423 2717 relitla
447 2636 684 2735 probabiliore
700 2636 861 2715 secutus.
885 2639 1038 2736 graviter
1055 2654 1180 2739 peccnt
1200 2665 1213 2734 3
1235 2662 1301 2718 nec
1316 2639 1353 2720 lc

305 2738 584 2817 accommodare
607 2753 684 2814 tuta
705 2734 916 2813 conscientia
940 2741 1057 2833 potest
1076 2740 1239 2838 opinioni
1255 2738 1356 2817 infir·

305 2842 355 2915 mi
377 2839 526 2913 volentis
543 2838 596 2911 uti
611 2837 771 2912 remedio
787 2837 1003 2932 probabilius
1026 2847 1216 2926 nocituro,
1240 2859 1352 2941 quam

299 2938 503 3037 profuturo.
532 2936 705 3011 Sacerdos
723 2957 833 3031 porro
859 2938 1013 3013 mlnilier
1033 2942 1252 3035 poenitentiae
1279 2963 1357 3017 me.

304 3039 405 3113 dicus
429 3038 477 3110 cll
499 3034 681 3134 spiritualis
707 3036 854 3115 animae,
881 3035 1074 3115 secundum
1095 3040 1180 3133 illud
1202 3037 1237 3119 S.
1262 3037 1357 3117 Gre-

305 3140 401 3236 gorii
418 3136 633 3212 Nazianzeoi
647 3158 655 3208 :
669 3191 691 3226 ‚,
713 3130 854 3209 Diuinae
873 3138 1070 3214 animarum
1088 3137 1272 3216 medicinae
1284 3157 1354 3218 uon

305 3289 329 3332 „
343 3236 512 3312 ministri,
536 3236 571 3310 dc
595 3230 775 3326 adiutores
797 3232 915 3310 lunius
929 3238 1156 3337 ,quicunque
1171 3237 1243 3313 aliis
1261 3261 1353 3338 pra·

307 3386 330 3430 „
348 3335 499 3411 fidemus
521 3374 556 3427 ,μ
579 3331 647 3431 lplt
678 3353 767 3430 ergo
789 3334 966 3412 nonlicet
988 3339 1104 3413 minus
1131 3338 1353 3435 probabilem

307 3440 516 3535 opinionem
549 3432 677 3531 luqu13
707 3446 939 3510 nec-tenetur
967 3435 1139 3531 judicium
1167 3436 1266 3513 suum
1293 3462 1354 3518 oca

310 3537 543 3611 commodate
568 3534 734 3629 opinioni
767 3533 884 3608 minus
908 3536 1082 3628 probabili
1111 3538 1355 3636 poenitentia}

305 3649 390 3712 cum
413 3634 526 3711 lalutiu
544 3639 669 3709 anlmae
701 3634 814 3726 malor
836 3631 997 3712 habenda
1029 3634 1070 3714 bt
1095 3659 1178 3713 cura
1204 3690 1227 3724 ,.
1243 3660 1354 3737 quam
1389 3693 1394 3703 ·
1465 3713 1467 3718 .

304 3734 420 3812 salutis
435 3734 621 3829 c'orporis3
639 3734 801 3827 adeoque
816 3736 928 3829 magis
950 3735 993 3812 fit
1011 3757 1114 3812 reus.
1135 3738 1198 3833 qul
1218 3742 1355 3817 occidit

305 3839 459 3914 animam
487 3832 708 3931 indulgendo
736 3831 921 3928 cupiditati
941 3838 1275 3934 peccatorlc‚·quam
1289 3841 1356 3940 qul

308 3935 442 4010 occidit
466 3957 598 4030 corpus
630 3930 852 4027 indulgendo
872 3934 1048 4014 voluntati
1069 3939 1208 4034 aegrotia
1238 3937 1356 4041 Siqui-

309 4034 391 4109 dem
413 4055 511 4109 mors
534 4048 660 4109 aeterua
679 4031 789 4128 louge
817 4037 928 4123 magis
950 4035 1113 4113 timenda
1131 4035 1181 4112 cst
1204 4077 1217 4113 ι
1244 4055 1355 4135 quom
1429 4037 1430 4040 '

308 4134 516 4231 temporalis
529 4176 538 4207 ›
549 4132 690 4209 dicente
708 4128 994 4210 Christolllat‘tb.
1022 4150 1081 4204 no.
1096 4138 1220 4207 Nolite
1235 4143 1356 4212 timere

305 4230 382 4312 «Β,
397 4236 455 4327 qui
471 4233 620 4302 occidunt
645 4253 783 4322 corpus,
800 4235 944 4305 'animam
964 4253 1073 4305 eutem
1090 4257 1152 4307 non
1163 4231 1289 4329 poffunr
1302 4260 1357 4310 oc.

304 4334 411 4403 cidere
423 4330 501 4429 §led
512 4336 623 4426 potius
648 4336 865 4414 timenem,
879 4336 937 4432 qui
945 4331 1048 4432 potest
1065 4337 1108 4410 a·
1129 4337 1273 4411 mimam
1287 4338 1357 4440 20¹.
1399 4356 1415 4368 .,
1549 4313 1552 4319 ’

306 4452 423 4528 carpus
436 4440 575 4529 perdere
600 4433 636 4504 in
658 4433 850 4543 gebennam.

902 4619 1334 4746 ···ra:
