3700 5425
552 498 622 619 lae
649 527 834 619 Peccatis
858 527 903 612 in
929 531 1100 638 generor
1282 486 1373 635 509'
1399 580 1402 587 .

316 701 460 802 pergitis
475 722 572 796 ‚quo
586 699 767 794 pervenire
780 693 1005 786 desideratis3
1023 717 1104 772 nem
1130 694 1253 793 utique
1266 691 1361 799 beati

317 794 383 889 esse
396 802 522 896 cupitis
534 820 545 886 ;
559 797 615 872 sed
630 796 747 872 misera
759 795 858 880 lunt,
874 794 965 871 &ad
985 794 1157 890 majorem
1186 795 1359 891 miseriam

316 902 453 976 ducunt
466 902 587 972 itinera
612 897 693 982 ilia,
713 919 783 992 qua
798 897 943 972 curritis.
971 891 1064 983 'lfam
1094 916 1266 994 magnum
1290 899 1357 973 bo·

315 1025 402 1077 num
421 1020 577 1096 quaerere
597 1020 659 1091 per
682 995 771 1071 mala
791 995 910 1070 nolite.
940 994 977 1072 si
997 996 1041 1071 ad
1065 992 1150 1072 illud
1173 1000 1358 1090 pervenire

315 1099 443 1183 vultis,
461 1098 532 1173 huc
550 1098 687 1180 venite,
708 1093 774 1171 hac
798 1099 856 1170 ite.
882 1091 960 1170 Viae
978 1082 1145 1189 derverlae
1167 1094 1356 1192 relinquite

315 1200 590 1292 malignitatem,
615 1197 770 1294 quinon
790 1193 935 1290 potestis
953 1195 1149 1294 relinquere
1170 1196 1358 1274 beatitudi-

315 1304 368 1373 nie
394 1298 626 1374 voluntatem.
653 1290 790 1372 Frustra
816 1293 997 1370 tendendo
1023 1292 1217 1390 latlgamini
1242 1349 1252 1380 ,
1278 1314 1357 1393 quo
1488 1346 1490 1353 ·

314 1396 554 1493 perveniendo
575 1396 819 1489 inquinamini·
846 1392 1063 1470 Nonautem
1080 1395 1170 1471 beati
1183 1390 1358 1490 inquinati

312 1501 349 1572 in
378 1520 523 1580 errore,
547 1497 608 1590 qui
628 1493 809 1571 ambulant
833 1496 868 1568 in
896 1490 1118 1588 perversitate
1138 1492 1243 1574 seculi
1263 1514 1276 1585 3
1298 1484 1356 1579 sed

313 1598 409 1668 Beati
433 1595 634 1665 immaculari
665 1617 700 1662 rn
720 1596 778 1661 via
803 1647 814 1681 ,
840 1601 896 1688 qui
922 1590 1088 1662 ambulant
1117 1597 1151 1662 in
1179 1599 1264 1687 Lege
1284 1599 1358 1666 Do.

313 1697 398 1764 mini
418 1743 484 1788 „„·
508 1693 625 1772 Verba
644 1692 724 1771 sunt
745 1698 778 1764 S·
791 1688 1046 1789 Auginum·
1061 1693 1137 1767 1.in
1159 1688 1358 1773 huncPlab

310 1817 423 1873 mum·

359 1893 459 1970 Idem
482 1890 699 1969 demonstrat
727 1906 850 1969 natura
868 1892 1007 1969 virtutis
1023 1937 1033 1971 t
1047 1890 1084 1967 aa
1099 1891 1204 1970 bonae
1223 1890 1352 1973 volun·

309 1998 412 2080 tatis,
425 2016 533 2089 quam
547 2016 622 2067 non
637 1989 970 2070 aliudelledocets.
988 1990 1122 2084 August·
1139 1992 1198 2069 nifi
1210 2008 1349 2075 aeternae

310 2090 395 2188 legis
409 2138 417 2165 ‚
430 2110 566 2168 aeternae
588 2094 756 2176 veritatis,
776 2111 913 2170 aeterna
925 2091 1062 2186 justitia
1076 2095 1345 2188 cognitionem,

308 2195 344 2268 da
362 2216 534 2271 amorem.
562 2248 613 2287 Μ,
642 2188 699 2268 Fit
720 2191 1025 2283 enimlinquirille
1040 2186 1097 2262 ua.
1118 2208 1153 2262 2.
1173 2198 1226 2264 De
1245 2190 1348 2266 libera

307 2293 490 2374 Arbitrio,
516 2311 585 2382 cap,
609 2313 643 2363 2.
667 2286 683 2380 l
707 2290 822 2366 homo
841 2291 953 2386 iustus
973 2340 984 2376 ,
1006 2289 1107 2367 fortir
1130 2346 1141 2378 .
1165 2292 1346 2388 prudens»

310 2392 514 2489 coaptando
534 2385 693 2466 animum
715 2388 779 2465 illie
804 2390 1154 2470 incommutabilibus
1175 2378 1348 2492 Regulis.

307 2490 571 2590 luminibusque
594 2494 775 2567 virtutum.
801 2491 847 2561 Er
862 2495 897 2560 in
914 2488 996 2576 Psoi.
1007 2486 1067 2562 61.
1086 2491 1180 2570 Cum
1193 2492 1233 2569 fis
1256 2496 1350 2582 inju-

308 2589 484 2677 stus.elle
507 2614 581 2666 non
602 2606 704 2684 poter
721 2588 831 2684 justus
854 2638 864 2671 ‚
884 2588 946 2666 nili
973 2591 1220 2669 convertendo
1245 2608 1280 2670 te
1303 2592 1349 2672 ad

311 2696 502 2787 quamdam
527 2691 691 2783 justitiam
714 2737 726 2771 .
752 2714 771 2767 a
797 2716 867 2791 qua
887 2690 913 2768 lr
935 2690 1094 2783 recedis,
1116 2691 1262 2789 lnlustur
1288 2718 1349 2790 er3

305 2792 350 2868 ad
372 2815 477 2887 quam
508 2789 531 2864 lr
552 2793 711 2873 accedis,
731 2791 839 2883 julius
857 2815 893 2867 ee
915 2834 978 2883 „‚,.

357 2891 399 2966 Et
411 2891 584 2965 Sermone
595 2911 629 2981 4.
645 2888 723 2963 allas
734 2906 794 2984 44
812 2893 863 2959 De
879 2889 1033 2978 Diverfis
1047 2940 1058 2973 ,
1071 2912 1145 2990 cap,
1164 2898 1196 2971 6,
1210 2951 1231 2988 „
1243 2952 1264 2985 „
1284 2892 1350 2994 Ju.

305 2989 394 3066 llitia
416 2990 541 3080 praesto
563 2983 611 3063 est
630 2990 716 3079 juste
738 2992 879 3064 viventi.
905 2988 1110 3065 Secundum
1131 2997 1204 3086 elus
1223 2991 1345 3094 Regu·

305 3089 375 3161 laun
399 3091 519 3163 vident
533 3087 836 3187 quemadmodum
853 3089 940 3179 julie
958 3094 1094 3174 vivant,
1113 3093 1149 3166 &
1170 3094 1217 3169 illi
1231 3121 1241 3187 ;
1256 3095 1345 3180 sicut

303 3190 382 3283 julli
405 3187 669 3262 benevivendo
691 3209 766 3261 eana
796 3189 944 3262 vident,
966 3192 1012 3264 ita
1035 3187 1147 3282 injusti
1174 3195 1264 3270 male
1293 3201 1345 3272 vi-

305 3289 425 3363 vendo
444 3306 610 3362 nontam
631 3287 764 3361 vident.
788 3285 882 3364 Nam
907 3288 944 3363 da
962 3288 1018 3364 ille
1038 3288 1127 3384 julla
1140 3294 1345 3379 vitit‚currt
1392 3291 1398 3304 ’

305 3412 381 3461 eam
410 3390 505 3462 videt
529 3405 540 3476 ;
568 3389 603 3461 de
627 3387 682 3461 ille
713 3384 819 3484 ipsam
844 3388 968 3469 ridet,
991 3402 1031 3463 ut
1049 3388 1241 3467 secundum
1267 3417 1346 3476 eam

306 3488 400 3580 atius
414 3478 491 3563 suos
508 3484 655 3583 dirigat:
680 3492 761 3583 quia
792 3482 1057 3564 nisrlecundum
1080 3488 1213 3579 justitiae
1225 3490 1345 3593 Regu.

303 3580 372 3660 lam
398 3590 564 3661 direxerit
587 3585 681 3665 ailus
703 3586 809 3667 suos,
830 3590 866 3662 in
887 3607 1044 3664 errorem
1063 3590 1256 3690 iniquitatis
1278 3602 1346 3674 ina·

303 3692 463 3783 pingitur
491 3741 560 3777 „„.

603 3869 934 3959 REGULA
985 3872 1044 3962 11.

303 4027 346 4107 ln
370 4029 486 4111 Rebus
513 4033 705 4108 moralibus
727 4032 888 4109 standum
919 4037 968 4111 est
997 4034 1131 4129 judicio
1156 4010 1347 4126 xconscien-¹

463 4135 518 4208 tiae
537 4135 580 4207 ad
618 4134 772 4209 divinam
802 4132 937 4262 Legem
956 4140 1176 4237 conrpolitar.

299 4284 366 4446 Id
391 4286 573 4383 colligitur
590 4312 635 4365 ex
657 4286 752 4367 Eccl.
773 4312 830 4381 32⁶
851 4297 890 4363 ln
907 4295 997 4364 amni
1015 4313 1109 4386 opere
1127 4304 1340 4374 taucredeex
1355 4296 1504 4382 ludicrum

356 4381 424 4471 fide
447 4391 557 4456 anima
584 4410 656 4458 ruae.
687 4396 760 4458 Hoc
783 4390 826 4471 ell
851 4396 938 4462 enim
965 4392 1147 4477 observatio
1174 4404 1338 4472 mandata.
1356 4382 1543 4484 ⁰9⁰s⁶l⁸¹h

299 4509 372 4558 rum
385 4491 464 4559 Dei.
491 4490 724 4570 Conscientiae
739 4494 858 4591 itaque
870 4484 1040 4589 judicium
1059 4490 1252 4579 secundum
1272 4505 1340 4596 est,
1357 4476 1413 4524 ‘¹²'

1183 4614 1291 4696 quarn
