3700 5425
568 480 1505 674 mmmfflmmm

566 730 613 811 Et
640 733 702 811 lib.
729 736 784 804 De
810 739 937 802 Corona
962 734 1084 803 militis
1104 742 1117 819 ,·
1135 740 1222 831 cap.
1249 755 1302 821 ¹3·
1339 786 1361 824 ,‚
1378 790 1400 823 „
1436 733 1630 817 Coronant

515 910 518 923 Ι
569 836 711 927 (inquit
726 834 738 917 l
767 835 802 908 &
827 836 961 932 nuptlae
993 833 1139 927 sponsos
1154 858 1165 925 3
1192 835 1226 907 dc
1253 837 1337 909 ideo
1360 858 1435 908 nun
1461 840 1629 915 nubimus

570 932 723 1009 ethnicis
749 989 760 1018 ‚
786 957 832 1009 ne
856 959 923 1008 nus
955 934 999 1007 ad
1029 933 1266 1009 idololatriam
1292 933 1400 1030 ulque
1421 934 1627 1025 deducant.

573 1056 593 1108 a
619 1056 688 1130 qua
712 1033 806 1131 apud
830 1034 909 1108 illus
937 1036 1073 1125 nuptiae
1098 1036 1273 1128 incipiunt
1298 1089 1320 1123 „
1337 1088 1371 1123 „.

376 1126 502 1211 tnperl.
627 1132 757 1209 Canon
777 1130 838 1214 26.
876 1137 1016 1209 exiis>
1049 1137 1110 1229 qui
1141 1133 1336 1227 llpollolici
1367 1127 1631 1217 inscribuntur,

375 1228 508 1350 ssfffl
577 1230 754 1310 Ordinem
777 1231 835 1308 seu
853 1233 1152 1329 impedimentum
1178 1234 1394 1309 matrimonii
1415 1237 1618 1321 constituit,

577 1334 616 1409 &
665 1335 864 1408 minoribus
895 1346 1035 1409 tantum
1075 1331 1221 1408 Clericis
1258 1335 1400 1428 nuptias
1439 1337 1625 1427 permittit.

579 1486 635 1525 „„
662 1431 823 1526 innuptis
836 1446 974 1516 autem,
995 1425 1158 1526 (inquit)
1173 1436 1232 1527 qui
1246 1433 1290 1506 ad
1310 1429 1454 1507 Clerum
1468 1437 1627 1528 provecti

578 1533 677 1613 lunt.
704 1534 948 1629 praecipimus,
968 1546 1008 1608 ut
1024 1531 1048 1606 li
1063 1532 1260 1608 voluerint,
1281 1554 1413 1607 uxores
1431 1536 1625 1627 accipiant,

578 1631 635 1707 sed
666 1632 838 1713 lectores,
856 1630 1089 1725 cantoresque
1121 1631 1378 1707 tantummodo
1403 1685 1471 1721 „„.
1502 1640 1626 1728 Quem

481 1812 489 1833 ί
576 1752 753 1807 canonem
777 1730 947 1807 Trullana
969 1730 1137 1830 Synodus
1162 1735 1311 1832 innovat
1336 1728 1464 1807 camb.
1549 1803 1552 1809 .

374 1814 502 1933 illi‘ffl·
589 1831 929 1928 Olmpedimentum
955 1831 1160 1926 dilparitatis
1186 1832 1302 1906 cultus
1326 1830 1493 1928 Synodus
1511 1831 1624 1907 illibe-

373 1906 546 2035 fffiffim
577 1933 686 2006 titana
709 1930 898 2006 confirmat
921 1952 998 2006 can.
1020 1948 1074 2018 15.
1116 1928 1282 2025 Virgines
1307 1926 1506 2006 christianas
1532 1958 1623 2027 gen.

375 1993 481 2113 cultus,
576 2032 693 2107 tilibur
719 2035 754 2105 in
776 2034 1045 2106 matrimonium
1063 2030 1136 2105 dati
1158 2029 1362 2123 prohibens.
1392 2028 1435 2104 Et
1462 2048 1513 2123 17.
1545 2057 1622 2125 quo

297 2140 299 2145 '
576 2128 768 2207 christianis
795 2135 1022 2228 parentibus,
1045 2133 1107 2229 qui
1139 2128 1224 2204 filias
1264 2129 1339 2205 luas
1371 2130 1621 2206 Sacerdotibus

468 2300 473 2311 ,
574 2229 755 2307 idolorum
772 2230 1043 2315 collocaverint,
1061 2233 1174 2305 necin
1187 2229 1416 2304 linedandam
1429 2229 1495 2303 elle
1507 2232 1621 2305 Com·

573 2333 786 2405 munionem
809 2329 938 2406 statuit·
977 2329 1105 2406 Eadem
1134 2328 1301 2427 Synodus
1332 2332 1449 2405 statuit
1470 2333 1621 2425 impedi-

572 2448 739 2505 mentum
760 2434 835 2505 voti
857 2448 1004 2521 can13.
1036 2453 1103 2506 nec
1123 2432 1159 2503 in
1171 2428 1241 2503 fine
1256 2428 1408 2503 dandam
1423 2426 1490 2503 elle
1505 2430 1622 2508 Com·

572 2532 782 2605 munionem
802 2529 994 2604 decernens
1015 2525 1246 2623 Virginibus,
1264 2551 1344 2622 quae
1367 2527 1400 2601 se
1419 2524 1503 2603 Deo
1525 2531 1622 2604 diea-

569 2632 687 2705 verint
707 2684 717 2716 ,
744 2628 765 2703 fi
787 2629 929 2728 patrum
955 2628 1170 2727 perdiderint
1192 2630 1420 2723 uirginitatis,
1446 2644 1553 2725 atque
1569 2633 1619 2705 ei-

569 2729 653 2804 dem
675 2730 813 2805 libidini
836 2730 1025 2805 servieriut·
1051 2726 1350 2825 impedimentum
1372 2724 1545 2803 affinitatis
1561 2735 1615 2824 in-

567 2827 688 2905 dicant
705 2854 780 2905 can.
793 2825 852 2902 61.
873 2831 908 2903 &
926 2826 985 2901 66.
1006 2851 1163 2927 quorum
1182 2830 1318 2921 primus
1333 2826 1384 2901 his
1400 2832 1512 2902 verbis
1526 2852 1615 2902 con·

567 2951 692 3025 ceptus
714 2931 791 3006 ell:
816 2986 838 3021 „
853 2980 875 3021 ,‚
902 2928 937 3001 Si
957 2933 1034 3027 quis
1056 2928 1135 3026 poll
1161 2930 1300 3002 obitum
1328 2932 1451 3003 uxoris
1469 2931 1535 3003 luae
1557 2929 1615 3004 l'o·

565 3050 685 3104 rorem
706 3030 778 3125 ejus
800 3032 961 3105 duxerit,
984 3030 1019 3103 &
1044 3028 1113 3121 ipl'a
1133 3028 1238 3103 fuerit
1258 3025 1390 3120 fidelis3
1412 3031 1614 3123 quinquen·

564 3131 665 3205 nium
687 3129 817 3224 placuit
836 3155 854 3204 a
872 3131 1133 3204 communione
1151 3128 1324 3203 abstineri.
1351 3127 1508 3204 Patierin·
1530 3152 1611 3199 verr

558 3224 603 3316 fic
630 3229 749 3308 haber:
774 3231 905 3329 Siquis
930 3232 1130 3326 privignam
1152 3229 1245 3303 luam
1270 3229 1413 3302 duxerit
1435 3250 1608 3315 uxorem,

563 3352 609 3403 eo
635 3329 736 3431 quod
763 3328 802 3405 sit
825 3328 1003 3413 incestus,
1028 3329 1162 3424 placuit
1196 3349 1264 3402 nec
1297 3329 1333 3400 in
1361 3324 1431 3400 fine
1454 3329 1608 3405 dandam

561 3426 630 3503 elle
663 3434 961 3504 communionem
987 3476 1058 3519 „„.

358 3513 484 3597 insen.
609 3525 824 3603 Affinitatem
862 3528 959 3603 velut
989 3524 1285 3623 impedimentum
1314 3521 1480 3600 dirimens
1504 3525 1605 3603 Neo·

357 3606 543 3739 ffifflaf·
559 3626 751 3703 caesariense
777 3626 1043 3704 Concscanm.
1070 3624 1239 3718 designat·
1260 3678 1281 3714 ,‚
1296 3679 1318 3716 „
1344 3623 1501 3713 illulier,
1527 3631 1609 3714 (m-

478 3723 488 3746 '
557 3727 659 3821 quir)
688 3728 711 3802 li
732 3727 874 3804 duobus
898 3726 1062 3800 fratribus
1088 3723 1265 3816 nupserit,
1290 3725 1472 3821 abjiciatur
1497 3729 1606 3824 usque

556 3827 600 3903 ad
628 3848 811 3919 morrem3
839 3838 1084 3900 verumtamen
1116 3826 1152 3898 in
1179 3827 1279 3898 exitu
1300 3824 1357 3908 ‚sr
1385 3827 1606 3915 promiserit,

553 3927 675 4022 quod,
693 3929 753 4001 ubi
766 3923 1005 4001 convaluerit,
1024 3922 1135 3997 solvet
1147 3927 1417 4001 matrimonium
1429 3980 1439 4010 ‚
1452 3945 1603 4025 propter

551 4026 807 4100 humanitatem
834 4025 1082 4122 poenitentiam
1105 4022 1249 4098 habebit
1273 4071 1343 4114 „„.

601 4123 807 4200 Concilium
825 4126 1052 4223 Ancyranum
1069 4124 1367 4217 impedimentum
1385 4137 1525 4220 raptus,
1543 4123 1601 4202 seu

549 4224 728 4299 violentiae
754 4223 913 4320 delignat
936 4245 1016 4304 can.
1035 4240 1093 4293 11.
1116 4279 1138 4313 „
1158 4278 1179 4312 ‚‚
1208 4220 1441 4320 Desponsatas
1468 4226 1600 4320 puellas

548 4323 568 4414 (
581 4318 714 4414 inquit)
741 4327 775 4399 &
799 4327 920 4422 pallea
947 4327 990 4399 ab
1013 4324 1085 4398 aliis
1109 4336 1248 4418 raptas,
1273 4323 1405 4418 placuit
1427 4332 1500 4401 erui
1524 4382 1534 4411 ,
1560 4328 1601 4401 dc

547 4419 600 4497 liis
624 4424 743 4508 reddi,
769 4427 897 4520 quibus
921 4424 1060 4501 fuerant
1090 4441 1173 4499 ante
1199 4421 1435 4521 desponsatae,
1462 4426 1597 4502 etiamli

545 4528 777 4622 eruptoribur
790 4524 918 4607 florem
932 4525 1081 4624 pudoris
1092 4523 1142 4602 sui
1160 4522 1305 4601 amifille
1318 4525 1514 4698 constiteiit
1527 4577 1548 4612 „
1559 4567 1598 4615 ,,.

1489 4646 1542 4698 ῃ.
