3700 5425
490 582 571 677 578
688 563 843 659 Theoi.
860 565 978 679 Dog.
1000 569 1043 657 &
1058 558 1208 656 Moral.
1228 562 1322 662 Lib.
1333 560 1411 659 111.
1474 676 1477 681 ¹

485 739 627 819 liberata
656 741 794 814 ratione
817 760 893 813 non
921 735 1156 828 consentiunt
1189 791 1245 829 ‚„,
1275 736 1411 817 Primus
1434 745 1535 823 enirn

486 857 609 915 motus
634 836 853 916 sensualitatis
874 860 950 912 non
972 837 1103 922 habet,
1128 831 1232 935 'quod
1250 834 1292 913 lit
1317 856 1534 933 peccatum.

485 937 549 1015 nist
583 945 823 1037 inquantum
857 936 994 1031 judicio
1036 940 1181 1012 rationis
1218 941 1361 1034 reprimi
1384 946 1534 1036 potesl3

486 1040 627 1129 (inquit
648 1045 680 1108 S.
697 1034 760 1107 Th.
776 1057 811 1118 a,
836 1055 870 1109 a·
893 1052 1027 1130 4154.
1050 1055 1116 1110 arr.
1135 1035 1196 1129 5.)
1222 1036 1258 1110 δι
1284 1038 1367 1113 ideo
1390 1038 1533 1120 subiato

484 1138 815 1232 judiciorationis,
840 1137 978 1211 tollitur
1000 1139 1090 1211 ratio
1115 1138 1250 1232 peccati
1273 1188 1296 1226 „
1311 1191 1344 1227 „.
1385 1136 1530 1223 Porro.

483 1238 527 1315 ut
556 1238 650 1312 idem
680 1235 790 1312 docet
821 1238 940 1331 quaelt
958 1257 994 1325 7·
1038 1241 1077 1304 rte
1109 1235 1230 1317 Malo,
1258 1252 1322 1309 art·
1352 1251 1385 1311 6.
1417 1244 1462 1315 ad
1492 1237 1533 1314 6.

481 1389 505 1429 ‚,
521 1392 543 1429 ‚,
568 1334 730 1431 Quando
755 1351 876 1411 nrotus
902 1337 1044 1432 illicitus
1068 1334 1116 1409 est
1139 1337 1175 1409 in
1204 1332 1443 1417 sensualitate,
1467 1343 1532 1416 tri.

482 1439 620 1531 pliciter
639 1435 670 1510 se
690 1435 865 1531 potestati
890 1433 1004 1532 ipsum
1026 1435 1154 1509 habere
1174 1440 1275 1511 ratio·
1306 1429 1389 1513 Uno
1413 1439 1531 1516 modo

480 1534 570 1612 sicot
584 1533 760 1619 re'srliens,
783 1537 818 1608 δι
839 1551 928 1610 tunc
948 1533 1084 1609 nullum
1105 1535 1154 1609 eit
1178 1556 1383 1631 peccatum,
1405 1539 1462 1613 led
1476 1539 1529 1617 eli

479 1639 647 1712 meritum
669 1657 827 1711 coronae·
854 1633 1185 1728 Aliquandoautem
1201 1633 1234 1707 se
1253 1638 1380 1719 habet,
1404 1640 1527 1716 otim·

478 1757 626 1832 perans.
659 1750 742 1829 puta
766 1781 777 1815 ‚
801 1756 886 1810 cum
908 1756 954 1808 ear
976 1732 1162 1828 proposito
1184 1755 1325 1815 motum
1349 1742 1528 1835 concupi.

477 1835 616 1911 scentia
645 1834 772 1909 illicitae
800 1838 956 1925 excitat3
980 1850 1068 1909 tunc
1100 1830 1124 1908 sr
1154 1831 1195 1908 stt
1218 1835 1379 1912 illicitum
1402 1844 1441 1911 in
1463 1860 1528 1934 ge·

346 1966 355 1993 i
423 1954 427 1961 ·
476 1958 562 2008 nere
586 1934 722 2027 peccati
754 1932 934 2019 mortalis,
957 1935 1024 2008 erit
1047 1953 1234 2031 peccatum
1260 1936 1423 2016 mortale.
1452 1938 1525 2015 Ali-

477 2033 625 2133 quando
649 2049 768 2117 autem
789 2033 821 2108 se
848 2031 975 2116 habet,
1001 2053 1040 2108 ut
1070 2057 1186 2129 neque
1219 2035 1439 2132 prohibens,
1461 2060 1525 2112 ne.

478 2141 550 2231 qut
590 2135 788 2230 imperans,
810 2130 867 2208 seu
889 2131 1137 2222 consentiens3
1160 2132 1197 2206 Sc
1222 2151 1309 2212 tunc
1328 2135 1378 2209 eli
1397 2157 1522 2230 pecca-

478 2246 558 2307 tum
586 2233 720 2308 veniale
744 2250 828 2323 ‚„‚;
855 2228 879 2306 st
906 2248 1024 2308 tamen
1055 2255 1130 2306 non
1156 2228 1197 2317 stt
1223 2236 1406 2329 probabile
1428 2240 1524 2330 perl-

479 2333 602 2407 culuna
632 2329 845 2415 consenl'use
875 2354 942 2407 nec
970 2331 1054 2407 illud
1076 2334 1166 2408 ratio
1195 2336 1363 2414 advertat.
1402 2331 1523 2414 Potest

479 2434 601 2526 itaque
625 2432 681 2516 id,
699 2429 799 2528 quod
816 2430 865 2506 est
888 2487 910 2521 „
924 2486 946 2520 „
974 2432 1168 2528 exgenere
1190 2436 1362 2519 mortale,
1386 2430 1446 2522 effe
1461 2458 1521 2504 ve.

478 2535 566 2601 niele
598 2547 744 2626 propter
767 2529 1066 2624 impersetliooem
1094 2532 1211 2619 aetus,
1232 2537 1411 2625 quianon
1440 2558 1521 2631 per·

476 2628 566 2706 setle
583 2633 754 2729 pertingit
772 2629 815 2702 ad
840 2634 1014 2705 tationem
1033 2631 1127 2708 allus
1146 2638 1311 2709 moralis.
1334 2656 1420 2712 cum
1442 2658 1520 2713 non

474 2730 518 2806 fit
530 2732 739 2807 deliberatus
761 2785 771 2813 ‚
793 2729 849 2805 sed
880 2729 1011 2805 liabitas
1026 2785 1081 2823 „„
1103 2733 1237 2829 (inquit
1251 2731 1346 2811 idem
1366 2731 1520 2813 S.Tlao·

473 2851 549 2907 mac
580 2848 659 2905 1.2.
690 2823 826 2927 quailss.
852 2827 999 2922 art·6.)

523 2928 619 3007 Cum
634 2954 721 3027 ergo
742 2931 884 3026 aliquis,
906 2947 945 3006 ut
960 2932 1112 3027 primum
1126 2931 1275 3009 aduertit
1296 2957 1444 3029 pravum
1457 2935 1517 3010 ali·

474 3053 583 3128 quem
603 3051 765 3113 motum,
788 3031 840 3103 vel
861 3033 1078 3127 appetitum,
1102 3034 1213 3108 llatim
1235 3058 1317 3110 eum
1341 3035 1511 3133 repellere

474 3147 646 3214 conatur,
666 3133 778 3204 liatim
796 3132 996 3223 improbat,
1017 3151 1225 3209 execratur.
1249 3153 1309 3210 aut
1330 3134 1362 3210 se
1377 3141 1424 3211 ita
1439 3134 1516 3209 sen·

354 3250 356 3255 ·
473 3233 518 3306 tit
536 3229 718 3305 alfatium,
733 3247 771 3304 ut
795 3234 891 3305 mori
913 3230 1049 3315 mallet,
1068 3255 1175 3326 quam
1194 3252 1342 3328 peccato
1362 3232 1512 3310 consen·

471 3333 560 3412 tire,
578 3330 631 3403 vel
655 3328 740 3404 illud
753 3352 860 3423 opere
887 3350 1108 3425 perpetrare,
1126 3334 1294 3408 indicium
1314 3333 1509 3428 est,ipsum

470 3429 818 3503 deliberataomnino
834 3436 970 3503 ratione
982 3428 1181 3519 huiusmodi
1198 3433 1332 3518 motui.
1353 3435 1406 3509 tel
1419 3432 1511 3509 atlui

471 3552 549 3603 non
579 3525 809 3619 consensisse3
830 3527 918 3603 sicut
939 3528 975 3603 ἃ
998 3553 1081 3604 curn
1106 3530 1268 3616 dubitat,
1298 3557 1342 3606 an
1366 3551 1509 3628 turpem

470 3627 739 3704 deletlationem
762 3630 942 3703 dormiens
964 3626 1074 3723 pallus
1099 3631 1160 3708 lit,
1179 3655 1222 3703 an
1248 3632 1404 3727 vigilans.
1436 3630 1509 3706 Ve-

456 3746 549 3809 ‚rom
581 3750 664 3802 cona
687 3729 837 3802 attendit
868 3732 983 3811 ratio,
1010 3752 1077 3803 nec
1107 3728 1254 3823 positive
1280 3730 1424 3807 resistit.
1447 3729 1507 3806 sed

453 3826 563 3932 pquast
598 3830 760 3922 negative
786 3825 818 3900 se
848 3827 982 3908 habet,
1010 3827 1208 3905 consentire
1236 3832 1407 3906 censenda
1429 3833 1503 3917 eit,

464 3926 574 4001 docet
598 3933 629 3995 l.
649 3927 763 3995 Toum.
788 3950 846 4024 qu.
868 3949 923 4011 ις.
947 3930 986 3995 de
1009 3930 1188 4014 Veritatr,
1212 3947 1275 4006 att·
1291 3951 1327 4023 4.
1370 3932 1415 4007 ad
1431 3947 1502 4006 ⁸10.

459 4078 514 4113 „„
545 4030 745 4122 Antequam
765 4073 775 4099 ,
798 4030 929 4120 inquit,
949 4029 1038 4101 ratio
1060 4027 1328 4105 delectationem
1351 4052 1506 4126 perpen-

456 4122 544 4208 dat,
578 4125 632 4199 vel
661 4144 922 4202 nocumentum
950 4127 1076 4221 ipsius,
1098 4153 1173 4203 non
1201 4127 1502 4229 habet'interpre·

454 4229 604 4299 tatinum
627 4227 832 4299 consensum
851 4272 860 4302 2
883 4226 1105 4301 etiamsinon
1127 4227 1256 4304 resiliat
1295 4228 1364 4303 Sed
1385 4252 1503 4325 quan·

450 4321 502 4397 do
528 4326 600 4417 jam
625 4327 810 4420 perpendit
832 4328 922 4399 ratio
946 4326 990 4399 de
1011 4326 1243 4402 delectatione
1268 4326 1499 4425 insurgente,

446 4423 483 4496 ἃ
511 4424 555 4495 de
585 4444 808 4498 nocumento
828 4425 1086 4520 consequente.
1114 4442 1243 4522 utpote
1274 4451 1358 4503 cuna
1384 4433 1501 4524 perci·

443 4524 500 4626 pit
526 4527 641 4602 houm
673 4523 706 4603 se
734 4521 887 4605 totaliter
906 4547 971 4623 pet
994 4524 1198 4622 hrtjusuaodi
1225 4526 1501 4608 delesiationena

1302 4691 1308 4696 .
1408 4654 1450 4706 rn
