<?xml version="1.0" encoding="UTF-8"?>
<!DOCTYPE html PUBLIC "-//W3C//DTD XHTML 1.0 Transitional//EN"
    "http://www.w3.org/TR/xhtml1/DTD/xhtml1-transitional.dtd">
<html xmlns="http://www.w3.org/1999/xhtml" xml:lang="en" lang="en">
 <head>
  <title>
</title>
<meta http-equiv="Content-Type" content="text/html;charset=utf-8" />
  <meta name='ocr-system' content='tesseract 3.04.00' />
  <meta name='ocr-capabilities' content='ocr_page ocr_carea ocr_par ocr_line ocrx_word'/>
</head>
<body>
  <div class='ocr_page' id='page_1' title='image "./theologiadogmat05alexgoog_0161.png"; bbox 0 0 3700 5425; ppageno 0'>
   <div class='ocr_carea' id='block_1_1' title="bbox 431 544 1316 680">
    <p class='ocr_par' dir='ltr' id='par_1_1' title="bbox 431 544 1316 680">
     <span class='ocr_line' id='line_1_1' title="bbox 431 544 1316 680; baseline 0.003 -43"><span class='ocrx_word' id='word_1_1' title='bbox 431 547 500 637; x_wconf 90' lang='lat' dir='ltr'>De</span> <span class='ocrx_word' id='word_1_2' title='bbox 530 544 796 635; x_wconf 86' lang='lat' dir='ltr'>Sacramento</span> <span class='ocrx_word' id='word_1_3' title='bbox 825 544 1099 649; x_wconf 79' lang='lat' dir='ltr'>Matrimonii.</span> <span class='ocrx_word' id='word_1_4' title='bbox 1217 569 1316 680; x_wconf 47' lang='lat'>151,⁴</span> 
     </span>
    </p>
   </div>
   <div class='ocr_carea' id='block_1_2' title="bbox 248 714 1422 1318">
    <p class='ocr_par' dir='ltr' id='par_1_2' title="bbox 248 714 1422 1318">
     <span class='ocr_line' id='line_1_2' title="bbox 248 714 1422 816; baseline -0.005 -18"><span class='ocrx_word' id='word_1_5' title='bbox 248 724 357 798; x_wconf 75' lang='lat' dir='ltr'>riam,</span> <span class='ocrx_word' id='word_1_6' title='bbox 379 723 398 810; x_wconf 90' lang='lat'>(</span> <span class='ocrx_word' id='word_1_7' title='bbox 411 733 451 795; x_wconf 91' lang='lat' dir='ltr'>ut</span> <span class='ocrx_word' id='word_1_8' title='bbox 475 718 663 811; x_wconf 78' lang='lat' dir='ltr'>Apostolus</span> <span class='ocrx_word' id='word_1_9' title='bbox 690 716 854 802; x_wconf 81' lang='lat' dir='ltr'>monet.)</span> <span class='ocrx_word' id='word_1_10' title='bbox 883 714 963 792; x_wconf 89' lang='lat' dir='ltr'>Nec</span> <span class='ocrx_word' id='word_1_11' title='bbox 994 739 1141 793; x_wconf 82' lang='lat' dir='ltr'>movere</span> <span class='ocrx_word' id='word_1_12' title='bbox 1166 714 1297 807; x_wconf 86' lang='lat' dir='ltr'>debet,</span> <span class='ocrx_word' id='word_1_13' title='bbox 1419 804 1422 816; x_wconf 90' lang='lat'><em>.</em></span> 
     </span>
     <span class='ocr_line' id='line_1_3' title="bbox 251 814 1301 924; baseline -0.008 -24"><span class='ocrx_word' id='word_1_14' title='bbox 251 820 356 924; x_wconf 88' lang='lat' dir='ltr'>quod</span> <span class='ocrx_word' id='word_1_15' title='bbox 383 814 495 915; x_wconf 85' lang='lat' dir='ltr'>pollet</span> <span class='ocrx_word' id='word_1_16' title='bbox 524 822 602 916; x_wconf 86' lang='lat' dir='ltr'>quis</span> <span class='ocrx_word' id='word_1_17' title='bbox 634 816 761 905; x_wconf 83' lang='lat' dir='ltr'>causari</span> <span class='ocrx_word' id='word_1_18' title='bbox 786 819 1052 893; x_wconf 81' lang='lat' dir='ltr'>incontinentiae</span> <span class='ocrx_word' id='word_1_19' title='bbox 1076 815 1301 912; x_wconf 77' lang='lat' dir='ltr'>periculum,</span> 
     </span>
     <span class='ocr_line' id='line_1_4' title="bbox 252 916 1301 1014; baseline -0.002 -22"><span class='ocrx_word' id='word_1_20' title='bbox 252 944 294 1000; x_wconf 90' lang='lat' dir='ltr'>ut</span> <span class='ocrx_word' id='word_1_21' title='bbox 320 922 414 1014; x_wconf 82' lang='lat' dir='ltr'>leges</span> <span class='ocrx_word' id='word_1_22' title='bbox 442 917 512 992; x_wconf 84' lang='lat' dir='ltr'>illas</span> <span class='ocrx_word' id='word_1_23' title='bbox 539 917 787 995; x_wconf 80' lang='lat' dir='ltr'>conscientiam</span> <span class='ocrx_word' id='word_1_24' title='bbox 816 940 890 992; x_wconf 91' lang='lat' dir='ltr'>noo</span> <span class='ocrx_word' id='word_1_25' title='bbox 913 916 1020 1012; x_wconf 87' lang='lat' dir='ltr'>ligate</span> <span class='ocrx_word' id='word_1_26' title='bbox 1050 916 1301 999; x_wconf 82' lang='lat' dir='ltr'>existimemus.</span> 
     </span>
     <span class='ocr_line' id='line_1_5' title="bbox 253 1011 1303 1113; baseline -0.009 -13"><span class='ocrx_word' id='word_1_27' title='bbox 253 1020 389 1100; x_wconf 80' lang='lat' dir='ltr'>Eadem</span> <span class='ocrx_word' id='word_1_28' title='bbox 422 1021 516 1091; x_wconf 89' lang='lat' dir='ltr'>enim</span> <span class='ocrx_word' id='word_1_29' title='bbox 548 1020 684 1091; x_wconf 91' lang='lat' dir='ltr'>ratione</span> <span class='ocrx_word' id='word_1_30' title='bbox 711 1015 938 1113; x_wconf 80' lang='lat' dir='ltr'>sequeretur,</span> <span class='ocrx_word' id='word_1_31' title='bbox 965 1013 1060 1113; x_wconf 84' lang='lat' dir='ltr'>leges</span> <span class='ocrx_word' id='word_1_32' title='bbox 1084 1020 1129 1089; x_wconf 94' lang='lat' dir='ltr'>ab</span> <span class='ocrx_word' id='word_1_33' title='bbox 1153 1011 1303 1091; x_wconf 78' lang='lat' dir='ltr'>Ecclesia</span> 
     </span>
     <span class='ocr_line' id='line_1_6' title="bbox 254 1113 1303 1211; baseline -0.006 -14"><span class='ocrx_word' id='word_1_34' title='bbox 254 1123 342 1198; x_wconf 90' lang='lat' dir='ltr'>latas</span> <span class='ocrx_word' id='word_1_35' title='bbox 364 1114 611 1194; x_wconf 76' lang='lat' dir='ltr'>conscientiam</span> <span class='ocrx_word' id='word_1_36' title='bbox 634 1139 706 1189; x_wconf 84' lang='lat' dir='ltr'>non</span> <span class='ocrx_word' id='word_1_37' title='bbox 735 1113 911 1208; x_wconf 79' lang='lat' dir='ltr'><strong>obligasse.</strong></span> <span class='ocrx_word' id='word_1_38' title='bbox 941 1117 1019 1192; x_wconf 85' lang='lat' dir='ltr'>Suis</span> <span class='ocrx_word' id='word_1_39' title='bbox 1043 1119 1138 1190; x_wconf 88' lang='lat' dir='ltr'>coint</span> <span class='ocrx_word' id='word_1_40' title='bbox 1165 1117 1303 1211; x_wconf 81' lang='lat' dir='ltr'>legibus</span> 
     </span>
     <span class='ocr_line' id='line_1_7' title="bbox 255 1212 1303 1318; baseline 0 -25"><span class='ocrx_word' id='word_1_41' title='bbox 255 1218 443 1318; x_wconf 90' lang='lat' dir='ltr'>prohibuit</span> <span class='ocrx_word' id='word_1_42' title='bbox 473 1218 559 1290; x_wconf 92' lang='lat' dir='ltr'>olim</span> <span class='ocrx_word' id='word_1_43' title='bbox 582 1212 730 1291; x_wconf 79' lang='lat' dir='ltr'>Ecclesia</span> <span class='ocrx_word' id='word_1_44' title='bbox 766 1215 907 1311; x_wconf 90' lang='lat' dir='ltr'>publice</span> <span class='ocrx_word' id='word_1_45' title='bbox 934 1215 1190 1311; x_wconf 88' lang='lat' dir='ltr'>poenitentibus</span> <span class='ocrx_word' id='word_1_46' title='bbox 1211 1269 1238 1301; x_wconf 62' lang='grc'>,,</span> <span class='ocrx_word' id='word_1_47' title='bbox 1257 1238 1303 1293; x_wconf 78' lang='lat' dir='ltr'>uo</span> 
     </span>
    </p>
   </div>
   <div class='ocr_carea' id='block_1_3' title="bbox 256 1312 1437 1399">
    <p class='ocr_par' dir='ltr' id='par_1_3' title="bbox 256 1312 1437 1399">
     <span class='ocr_line' id='line_1_8' title="bbox 256 1312 1437 1399; baseline 0 -8"><span class='ocrx_word' id='word_1_48' title='bbox 256 1319 527 1396; x_wconf 78' lang='lat' dir='ltr'>matrimonium</span> <span class='ocrx_word' id='word_1_49' title='bbox 546 1314 819 1399; x_wconf 81' lang='lat' dir='ltr'>contraherent,</span> <span class='ocrx_word' id='word_1_50' title='bbox 836 1329 875 1391; x_wconf 93' lang='lat' dir='ltr'>ut</span> <span class='ocrx_word' id='word_1_51' title='bbox 909 1314 1047 1389; x_wconf 86' lang='lat' dir='ltr'>constat</span> <span class='ocrx_word' id='word_1_52' title='bbox 1068 1334 1114 1393; x_wconf 83' lang='lat' dir='ltr'>ex</span> <span class='ocrx_word' id='word_1_53' title='bbox 1135 1312 1304 1391; x_wconf 77' lang='lat' dir='ltr'>Concilio</span> <span class='ocrx_word' id='word_1_54' title='bbox 1431 1340 1437 1351; x_wconf 90' lang='lat'><strong>·</strong></span> 
     </span>
    </p>
   </div>
   <div class='ocr_carea' id='block_1_4' title="bbox 257 1406 1342 2897">
    <p class='ocr_par' dir='ltr' id='par_1_4' title="bbox 257 1406 1342 2897">
     <span class='ocr_line' id='line_1_9' title="bbox 257 1406 1307 1508; baseline -0.007 -12"><span class='ocrx_word' id='word_1_55' title='bbox 257 1415 495 1496; x_wconf 76' lang='lat' dir='ltr'>Arelatensrz.</span> <span class='ocrx_word' id='word_1_56' title='bbox 522 1433 668 1493; x_wconf 81' lang='lat' dir='ltr'>canai.</span> <span class='ocrx_word' id='word_1_57' title='bbox 689 1413 868 1494; x_wconf 90' lang='lat' dir='ltr'>Toletano</span> <span class='ocrx_word' id='word_1_58' title='bbox 879 1409 913 1482; x_wconf 86' lang='lat'>6.</span> <span class='ocrx_word' id='word_1_59' title='bbox 935 1436 1011 1489; x_wconf 87' lang='lat' dir='ltr'>can·</span> <span class='ocrx_word' id='word_1_60' title='bbox 1022 1406 1056 1484; x_wconf 85' lang='lat'>8.</span> <span class='ocrx_word' id='word_1_61' title='bbox 1078 1414 1114 1488; x_wconf 75' lang='grc' dir='ltr'>ἂ</span> <span class='ocrx_word' id='word_1_62' title='bbox 1137 1411 1210 1490; x_wconf 87' lang='lat' dir='ltr'>aliis</span> <span class='ocrx_word' id='word_1_63' title='bbox 1231 1414 1307 1508; x_wconf 86' lang='lat' dir='ltr'>ple·</span> 
     </span>
     <span class='ocr_line' id='line_1_10' title="bbox 258 1512 1306 1616; baseline -0.004 -21"><span class='ocrx_word' id='word_1_64' title='bbox 258 1519 374 1610; x_wconf 65' lang='lat' dir='ltr'>sitque</span> <span class='ocrx_word' id='word_1_65' title='bbox 395 1514 558 1616; x_wconf 69' lang='lat' dir='ltr'>synodis·</span> <span class='ocrx_word' id='word_1_66' title='bbox 591 1512 745 1591; x_wconf 85' lang='lat' dir='ltr'>locellus</span> <span class='ocrx_word' id='word_1_67' title='bbox 760 1518 823 1591; x_wconf 87' lang='lat' dir='ltr'>reis</span> <span class='ocrx_word' id='word_1_68' title='bbox 851 1514 945 1611; x_wconf 87' lang='lat' dir='ltr'>spem</span> <span class='ocrx_word' id='word_1_69' title='bbox 969 1536 1116 1589; x_wconf 88' lang='lat' dir='ltr'>omnem</span> <span class='ocrx_word' id='word_1_70' title='bbox 1142 1512 1306 1607; x_wconf 80' lang='lat' dir='ltr'>coniugii</span> 
     </span>
     <span class='ocr_line' id='line_1_11' title="bbox 261 1610 1342 1710; baseline -0.006 -16"><span class='ocrx_word' id='word_1_71' title='bbox 261 1617 477 1694; x_wconf 87' lang='lat' dir='ltr'>abstulerunt</span> <span class='ocrx_word' id='word_1_72' title='bbox 500 1613 702 1710; x_wconf 80' lang='lat' dir='ltr'>Concilium</span> <span class='ocrx_word' id='word_1_73' title='bbox 715 1612 956 1689; x_wconf 87' lang='lat' dir='ltr'>Vermeriense</span> <span class='ocrx_word' id='word_1_74' title='bbox 971 1610 1177 1689; x_wconf 89' lang='lat' dir='ltr'>Canonlbus</span> <span class='ocrx_word' id='word_1_75' title='bbox 1192 1631 1226 1683; x_wconf 85' lang='lat'>2.</span> <span class='ocrx_word' id='word_1_76' title='bbox 1247 1633 1304 1692; x_wconf 86' lang='lat'>10.</span> <span class='ocrx_word' id='word_1_77' title='bbox 1336 1636 1342 1647; x_wconf 67' lang='lat'>¹</span> 
     </span>
     <span class='ocr_line' id='line_1_12' title="bbox 266 1706 1306 1811; baseline -0.009 -21"><span class='ocrx_word' id='word_1_78' title='bbox 266 1732 324 1790; x_wconf 80' lang='lat'>11.</span> <span class='ocrx_word' id='word_1_79' title='bbox 347 1736 402 1788; x_wconf 82' lang='lat' dir='ltr'>ra·</span> <span class='ocrx_word' id='word_1_80' title='bbox 425 1713 462 1787; x_wconf 80' lang='lat' dir='ltr'>dt</span> <span class='ocrx_word' id='word_1_81' title='bbox 492 1706 545 1786; x_wconf 79' lang='lat' dir='ltr'>ill.</span> <span class='ocrx_word' id='word_1_82' title='bbox 572 1713 854 1811; x_wconf 81' lang='lat' dir='ltr'>compendiense</span> <span class='ocrx_word' id='word_1_83' title='bbox 881 1711 1090 1789; x_wconf 88' lang='lat' dir='ltr'>Canonibus</span> <span class='ocrx_word' id='word_1_84' title='bbox 1107 1723 1141 1796; x_wconf 80' lang='lat'>8.</span> <span class='ocrx_word' id='word_1_85' title='bbox 1169 1718 1306 1804; x_wconf 84' lang='lat' dir='ltr'>io.14.</span> 
     </span>
     <span class='ocr_line' id='line_1_13' title="bbox 262 1809 1312 1908; baseline -0.002 -23"><span class='ocrx_word' id='word_1_86' title='bbox 262 1817 301 1893; x_wconf 73' lang='lat' dir='ltr'>da</span> <span class='ocrx_word' id='word_1_87' title='bbox 329 1837 383 1899; x_wconf 82' lang='lat'>15·</span> <span class='ocrx_word' id='word_1_88' title='bbox 423 1812 682 1908; x_wconf 85' lang='lat' dir='ltr'>Mogontiuum</span> <span class='ocrx_word' id='word_1_89' title='bbox 717 1837 793 1889; x_wconf 87' lang='lat' dir='ltr'>can.</span> <span class='ocrx_word' id='word_1_90' title='bbox 811 1809 869 1908; x_wconf 85' lang='lat'>56.</span> <span class='ocrx_word' id='word_1_91' title='bbox 907 1810 1128 1887; x_wconf 78' lang='lat' dir='ltr'>Tributienl&#39;e</span> <span class='ocrx_word' id='word_1_92' title='bbox 1149 1812 1312 1891; x_wconf 75' lang='lat' dir='ltr'>Canoni-</span> 
     </span>
     <span class='ocr_line' id='line_1_14' title="bbox 262 1907 1313 2008; baseline -0.002 -19"><span class='ocrx_word' id='word_1_93' title='bbox 262 1917 331 1989; x_wconf 88' lang='lat' dir='ltr'>bus</span> <span class='ocrx_word' id='word_1_94' title='bbox 356 1928 415 2002; x_wconf 87' lang='lat'>43.</span> <span class='ocrx_word' id='word_1_95' title='bbox 440 1933 500 2002; x_wconf 85' lang='lat'>44.</span> <span class='ocrx_word' id='word_1_96' title='bbox 526 1914 560 1988; x_wconf 84' lang='lat' dir='ltr'>dr</span> <span class='ocrx_word' id='word_1_97' title='bbox 585 1933 642 2003; x_wconf 80' lang='lat'>45.</span> <span class='ocrx_word' id='word_1_98' title='bbox 678 1915 739 2007; x_wconf 89' lang='lat' dir='ltr'>qui</span> <span class='ocrx_word' id='word_1_99' title='bbox 764 1913 928 1990; x_wconf 87' lang='lat' dir='ltr'>Canones</span> <span class='ocrx_word' id='word_1_100' title='bbox 946 1913 982 1985; x_wconf 93' lang='lat' dir='ltr'>in</span> <span class='ocrx_word' id='word_1_101' title='bbox 1003 1907 1144 2008; x_wconf 83' lang='lat' dir='ltr'>Regum</span> <span class='ocrx_word' id='word_1_102' title='bbox 1169 1911 1313 1992; x_wconf 83' lang='lat' dir='ltr'>nostro-</span> 
     </span>
     <span class='ocr_line' id='line_1_15' title="bbox 266 2010 1309 2111; baseline -0.002 -23"><span class='ocrx_word' id='word_1_103' title='bbox 266 2035 351 2089; x_wconf 92' lang='lat' dir='ltr'>rum</span> <span class='ocrx_word' id='word_1_104' title='bbox 381 2011 636 2106; x_wconf 73' lang='lat' dir='ltr'>capitularibus</span> <span class='ocrx_word' id='word_1_105' title='bbox 663 2013 913 2110; x_wconf 89' lang='lat' dir='ltr'>promulgati,</span> <span class='ocrx_word' id='word_1_106' title='bbox 940 2013 1013 2085; x_wconf 84' lang='lat' dir='ltr'>vim</span> <span class='ocrx_word' id='word_1_107' title='bbox 1034 2010 1185 2111; x_wconf 83' lang='lat' dir='ltr'>publicae</span> <span class='ocrx_word' id='word_1_108' title='bbox 1220 2012 1309 2107; x_wconf 74' lang='lat' dir='ltr'>legis</span> 
     </span>
     <span class='ocr_line' id='line_1_16' title="bbox 267 2107 1311 2208; baseline 0.002 -20"><span class='ocrx_word' id='word_1_109' title='bbox 267 2116 305 2188; x_wconf 89' lang='lat' dir='ltr'>in</span> <span class='ocrx_word' id='word_1_110' title='bbox 346 2111 482 2204; x_wconf 84' lang='lat' dir='ltr'>judiciis</span> <span class='ocrx_word' id='word_1_111' title='bbox 519 2115 622 2185; x_wconf 89' lang='lat' dir='ltr'>etiam</span> <span class='ocrx_word' id='word_1_112' title='bbox 657 2113 814 2188; x_wconf 83' lang='lat' dir='ltr'>civilibus</span> <span class='ocrx_word' id='word_1_113' title='bbox 844 2111 1054 2189; x_wconf 88' lang='lat' dir='ltr'>habuerunt·</span> <span class='ocrx_word' id='word_1_114' title='bbox 1095 2107 1217 2195; x_wconf 76' lang='lat' dir='ltr'>Eunt,</span> <span class='ocrx_word' id='word_1_115' title='bbox 1247 2112 1311 2208; x_wconf 87' lang='lat' dir='ltr'>qui</span> 
     </span>
     <span class='ocr_line' id='line_1_17' title="bbox 267 2208 1312 2308; baseline -0.001 -20"><span class='ocrx_word' id='word_1_116' title='bbox 267 2208 482 2304; x_wconf 80' lang='lat' dir='ltr'>Episcopum</span> <span class='ocrx_word' id='word_1_117' title='bbox 507 2210 709 2286; x_wconf 77' lang='lat' dir='ltr'>occidisset,</span> <span class='ocrx_word' id='word_1_118' title='bbox 731 2211 858 2308; x_wconf 87' lang='lat' dir='ltr'>absque</span> <span class='ocrx_word' id='word_1_119' title='bbox 877 2211 934 2306; x_wconf 86' lang='lat' dir='ltr'>spe</span> <span class='ocrx_word' id='word_1_120' title='bbox 954 2211 1113 2308; x_wconf 81' lang='lat' dir='ltr'>conjugii</span> <span class='ocrx_word' id='word_1_121' title='bbox 1135 2226 1312 2307; x_wconf 87' lang='lat' dir='ltr'>perpetuo</span> 
     </span>
     <span class='ocr_line' id='line_1_18' title="bbox 268 2308 1313 2405; baseline -0.004 -20"><span class='ocrx_word' id='word_1_122' title='bbox 268 2333 409 2385; x_wconf 88' lang='lat' dir='ltr'>manere</span> <span class='ocrx_word' id='word_1_123' title='bbox 443 2310 595 2384; x_wconf 86' lang='lat' dir='ltr'>decrevit</span> <span class='ocrx_word' id='word_1_124' title='bbox 632 2312 835 2386; x_wconf 84' lang='lat' dir='ltr'>Concilium</span> <span class='ocrx_word' id='word_1_125' title='bbox 882 2310 978 2405; x_wconf 87' lang='lat' dir='ltr'>apud</span> <span class='ocrx_word' id='word_1_126' title='bbox 1015 2308 1313 2398; x_wconf 72' lang='lat' dir='ltr'>Theodonisvislam</span> 
     </span>
     <span class='ocr_line' id='line_1_19' title="bbox 268 2406 1312 2511; baseline 0.003 -27"><span class='ocrx_word' id='word_1_127' title='bbox 268 2432 350 2500; x_wconf 72' lang='lat' dir='ltr'>cu.</span> <span class='ocrx_word' id='word_1_128' title='bbox 378 2406 475 2483; x_wconf 89' lang='lat' dir='ltr'>ldem</span> <span class='ocrx_word' id='word_1_129' title='bbox 500 2410 667 2487; x_wconf 84' lang='lat' dir='ltr'>statutum</span> <span class='ocrx_word' id='word_1_130' title='bbox 696 2412 744 2486; x_wconf 87' lang='lat' dir='ltr'>est</span> <span class='ocrx_word' id='word_1_131' title='bbox 768 2413 812 2485; x_wconf 88' lang='lat' dir='ltr'>de</span> <span class='ocrx_word' id='word_1_132' title='bbox 844 2409 930 2495; x_wconf 86' lang='lat' dir='ltr'>illis,</span> <span class='ocrx_word' id='word_1_133' title='bbox 958 2409 1020 2503; x_wconf 84' lang='lat' dir='ltr'>qui</span> <span class='ocrx_word' id='word_1_134' title='bbox 1044 2408 1312 2511; x_wconf 74' lang='lat' dir='ltr'>Presbyterum·</span> 
     </span>
     <span class='ocr_line' id='line_1_20' title="bbox 269 2505 1310 2592; baseline 0.003 -9"><span class='ocrx_word' id='word_1_135' title='bbox 269 2506 497 2592; x_wconf 87' lang='lat' dir='ltr'>Diaconum,</span> <span class='ocrx_word' id='word_1_136' title='bbox 523 2510 579 2582; x_wconf 89' lang='lat' dir='ltr'>vel</span> <span class='ocrx_word' id='word_1_137' title='bbox 608 2510 830 2586; x_wconf 80' lang='lat' dir='ltr'>Monachum</span> <span class='ocrx_word' id='word_1_138' title='bbox 861 2505 1139 2587; x_wconf 73' lang='lat' dir='ltr'>interfecissent»</span> <span class='ocrx_word' id='word_1_139' title='bbox 1177 2510 1254 2585; x_wconf 87' lang='lat' dir='ltr'>libr.</span> <span class='ocrx_word' id='word_1_140' title='bbox 1273 2518 1310 2586; x_wconf 81' lang='lat'>6.</span> 
     </span>
     <span class='ocr_line' id='line_1_21' title="bbox 269 2607 1316 2708; baseline 0 -25"><span class='ocrx_word' id='word_1_141' title='bbox 269 2609 548 2701; x_wconf 76' lang='lat' dir='ltr'>capitularium,</span> <span class='ocrx_word' id='word_1_142' title='bbox 571 2622 677 2698; x_wconf 82' lang='lat' dir='ltr'>c.98.</span> <span class='ocrx_word' id='word_1_143' title='bbox 705 2610 805 2708; x_wconf 88' lang='lat' dir='ltr'>quod</span> <span class='ocrx_word' id='word_1_144' title='bbox 828 2614 863 2684; x_wconf 92' lang='lat' dir='ltr'>irr</span> <span class='ocrx_word' id='word_1_145' title='bbox 892 2609 949 2684; x_wconf 91' lang='lat' dir='ltr'>sua</span> <span class='ocrx_word' id='word_1_146' title='bbox 977 2607 1198 2686; x_wconf 77' lang='lat' dir='ltr'>Colletlione</span> <span class='ocrx_word' id='word_1_147' title='bbox 1217 2624 1316 2687; x_wconf 87' lang='lat' dir='ltr'>tran·</span> 
     </span>
     <span class='ocr_line' id='line_1_22' title="bbox 267 2706 1314 2808; baseline 0.006 -24"><span class='ocrx_word' id='word_1_148' title='bbox 267 2707 400 2802; x_wconf 82' lang='lat' dir='ltr'>scripsit</span> <span class='ocrx_word' id='word_1_149' title='bbox 428 2708 516 2792; x_wconf 77' lang='lat' dir='ltr'>isaac</span> <span class='ocrx_word' id='word_1_150' title='bbox 540 2706 772 2805; x_wconf 79' lang='lat' dir='ltr'>Lingonensis</span> <span class='ocrx_word' id='word_1_151' title='bbox 799 2708 991 2808; x_wconf 82' lang='lat' dir='ltr'>Episcopus</span> <span class='ocrx_word' id='word_1_152' title='bbox 1014 2707 1088 2789; x_wconf 86' lang='lat' dir='ltr'>Tit.</span> <span class='ocrx_word' id='word_1_153' title='bbox 1105 2727 1140 2784; x_wconf 83' lang='lat'>2·</span> <span class='ocrx_word' id='word_1_154' title='bbox 1163 2732 1195 2786; x_wconf 87' lang='lat' dir='ltr'>c·</span> <span class='ocrx_word' id='word_1_155' title='bbox 1211 2726 1248 2801; x_wconf 88' lang='lat'>9·</span> <span class='ocrx_word' id='word_1_156' title='bbox 1275 2708 1314 2790; x_wconf 66' lang='grc' dir='ltr'>ἀ</span> 
     </span>
     <span class='ocr_line' id='line_1_23' title="bbox 269 2806 1319 2897; baseline 0.002 -13"><span class='ocrx_word' id='word_1_157' title='bbox 269 2806 386 2884; x_wconf 88' lang='lat' dir='ltr'>Conc.</span> <span class='ocrx_word' id='word_1_158' title='bbox 404 2808 651 2897; x_wconf 79' lang='lat' dir='ltr'>Troslciaourn</span> <span class='ocrx_word' id='word_1_159' title='bbox 678 2810 814 2885; x_wconf 90' lang='lat' dir='ltr'>Canuni</span> <span class='ocrx_word' id='word_1_160' title='bbox 837 2814 899 2885; x_wconf 92' lang='lat' dir='ltr'>suo</span> <span class='ocrx_word' id='word_1_161' title='bbox 932 2827 984 2896; x_wconf 84' lang='lat'>13·</span> <span class='ocrx_word' id='word_1_162' title='bbox 1013 2826 1137 2886; x_wconf 88' lang='lat' dir='ltr'>contra</span> <span class='ocrx_word' id='word_1_163' title='bbox 1161 2809 1319 2886; x_wconf 89' lang='lat' dir='ltr'>homici-</span> 
     </span>
    </p>
   </div>
   <div class='ocr_carea' id='block_1_5' title="bbox 270 2908 1452 2991">
    <p class='ocr_par' dir='ltr' id='par_1_5' title="bbox 270 2908 1452 2991">
     <span class='ocr_line' id='line_1_24' title="bbox 270 2908 1452 2991; baseline 0.002 -10"><span class='ocrx_word' id='word_1_164' title='bbox 270 2910 333 2981; x_wconf 89' lang='lat' dir='ltr'>das</span> <span class='ocrx_word' id='word_1_165' title='bbox 360 2910 476 2988; x_wconf 88' lang='lat' dir='ltr'>edito,</span> <span class='ocrx_word' id='word_1_166' title='bbox 494 2909 658 2983; x_wconf 80' lang='lat' dir='ltr'>inserunt.</span> <span class='ocrx_word' id='word_1_167' title='bbox 695 2908 820 2986; x_wconf 91' lang='lat' dir='ltr'>Viduis</span> <span class='ocrx_word' id='word_1_168' title='bbox 850 2908 1317 2991; x_wconf 83' lang='lat' dir='ltr'>Subdiaconoruu1,Exot·</span> <span class='ocrx_word' id='word_1_169' title='bbox 1449 2937 1452 2952; x_wconf 72' lang='lat'><em>¹</em></span> 
     </span>
    </p>
   </div>
   <div class='ocr_carea' id='block_1_6' title="bbox 271 3008 1411 4698">
    <p class='ocr_par' dir='ltr' id='par_1_6' title="bbox 271 3008 1411 4002">
     <span class='ocr_line' id='line_1_25' title="bbox 271 3008 1318 3107; baseline -0.001 -25"><span class='ocrx_word' id='word_1_170' title='bbox 271 3008 469 3089; x_wconf 84' lang='lat' dir='ltr'>tiliarum,</span> <span class='ocrx_word' id='word_1_171' title='bbox 495 3008 755 3107; x_wconf 84' lang='lat' dir='ltr'>llcosytlrorum</span> <span class='ocrx_word' id='word_1_172' title='bbox 776 3009 940 3083; x_wconf 89' lang='lat' dir='ltr'>secundas</span> <span class='ocrx_word' id='word_1_173' title='bbox 966 3012 1103 3105; x_wconf 85' lang='lat' dir='ltr'>nuptias</span> <span class='ocrx_word' id='word_1_174' title='bbox 1135 3011 1318 3090; x_wconf 80' lang='lat' dir='ltr'>interdixit</span> 
     </span>
     <span class='ocr_line' id='line_1_26' title="bbox 272 3104 1321 3193; baseline -0.003 -12"><span class='ocrx_word' id='word_1_175' title='bbox 272 3106 477 3181; x_wconf 83' lang='lat' dir='ltr'>Coracilium</span> <span class='ocrx_word' id='word_1_176' title='bbox 492 3106 746 3182; x_wconf 83' lang='lat' dir='ltr'>lllatilconeose</span> <span class='ocrx_word' id='word_1_177' title='bbox 768 3109 983 3193; x_wconf 88' lang='lat' dir='ltr'>secundum,</span> <span class='ocrx_word' id='word_1_178' title='bbox 1011 3133 1149 3183; x_wconf 89' lang='lat' dir='ltr'>canone</span> <span class='ocrx_word' id='word_1_179' title='bbox 1167 3104 1222 3181; x_wconf 88' lang='lat'>16.</span> <span class='ocrx_word' id='word_1_180' title='bbox 1254 3106 1321 3179; x_wconf 82' lang='lat' dir='ltr'>Vi.</span> 
     </span>
     <span class='ocr_line' id='line_1_27' title="bbox 273 3205 1329 3305; baseline 0.001 -26"><span class='ocrx_word' id='word_1_181' title='bbox 273 3208 352 3281; x_wconf 89' lang='lat' dir='ltr'>duis</span> <span class='ocrx_word' id='word_1_182' title='bbox 374 3205 688 3305; x_wconf 74' lang='lat' dir='ltr'>Presbyterurum,</span> <span class='ocrx_word' id='word_1_183' title='bbox 710 3210 745 3280; x_wconf 82' lang='lat' dir='ltr'>dc</span> <span class='ocrx_word' id='word_1_184' title='bbox 769 3207 1017 3283; x_wconf 88' lang='lat' dir='ltr'>Diacouotum</span> <span class='ocrx_word' id='word_1_185' title='bbox 1042 3210 1134 3282; x_wconf 92' lang='lat' dir='ltr'>idem</span> <span class='ocrx_word' id='word_1_186' title='bbox 1152 3207 1329 3303; x_wconf 49' lang='lat' dir='ltr'>prohibet,</span> 
     </span>
     <span class='ocr_line' id='line_1_28' title="bbox 274 3297 1367 3404; baseline -0.002 -25"><span class='ocrx_word' id='word_1_187' title='bbox 274 3304 479 3381; x_wconf 88' lang='lat' dir='ltr'>Concilium</span> <span class='ocrx_word' id='word_1_188' title='bbox 511 3307 793 3381; x_wconf 85' lang='lat' dir='ltr'>ilntiliodorense</span> <span class='ocrx_word' id='word_1_189' title='bbox 814 3330 890 3382; x_wconf 91' lang='lat' dir='ltr'>cau.</span> <span class='ocrx_word' id='word_1_190' title='bbox 907 3324 968 3386; x_wconf 82' lang='lat'>22.</span> <span class='ocrx_word' id='word_1_191' title='bbox 998 3305 1143 3389; x_wconf 78' lang='lat' dir='ltr'>Puellae,</span> <span class='ocrx_word' id='word_1_192' title='bbox 1166 3329 1244 3404; x_wconf 83' lang='lat' dir='ltr'>quae</span> <span class='ocrx_word' id='word_1_193' title='bbox 1263 3329 1322 3378; x_wconf 88' lang='lat' dir='ltr'>ra·-</span> <span class='ocrx_word' id='word_1_194' title='bbox 1356 3297 1367 3318; x_wconf 86' lang='lat'>&#39;</span> 
     </span>
     <span class='ocr_line' id='line_1_29' title="bbox 274 3406 1321 3501; baseline 0.001 -23"><span class='ocrx_word' id='word_1_195' title='bbox 274 3412 371 3501; x_wconf 90' lang='lat' dir='ltr'>pturi</span> <span class='ocrx_word' id='word_1_196' title='bbox 397 3406 644 3489; x_wconf 88' lang='lat' dir='ltr'>consenserat,</span> <span class='ocrx_word' id='word_1_197' title='bbox 669 3423 873 3500; x_wconf 88' lang='lat' dir='ltr'>perpetuam</span> <span class='ocrx_word' id='word_1_198' title='bbox 899 3409 1155 3483; x_wconf 85' lang='lat' dir='ltr'>continentiam</span> <span class='ocrx_word' id='word_1_199' title='bbox 1183 3407 1321 3480; x_wconf 83' lang='lat' dir='ltr'>indixe-</span> 
     </span>
     <span class='ocr_line' id='line_1_30' title="bbox 273 3503 1323 3601; baseline 0 -20"><span class='ocrx_word' id='word_1_200' title='bbox 273 3522 359 3581; x_wconf 87' lang='lat' dir='ltr'>runt</span> <span class='ocrx_word' id='word_1_201' title='bbox 389 3503 529 3601; x_wconf 85' lang='lat' dir='ltr'>Regum</span> <span class='ocrx_word' id='word_1_202' title='bbox 559 3506 761 3580; x_wconf 86' lang='lat' dir='ltr'>nostrorum</span> <span class='ocrx_word' id='word_1_203' title='bbox 788 3506 1027 3601; x_wconf 89' lang='lat' dir='ltr'>Capitularia,</span> <span class='ocrx_word' id='word_1_204' title='bbox 1063 3503 1323 3601; x_wconf 84' lang='lat' dir='ltr'>Episcoporum</span> 
     </span>
     <span class='ocr_line' id='line_1_31' title="bbox 274 3602 1325 3699; baseline 0.002 -22"><span class='ocrx_word' id='word_1_205' title='bbox 274 3602 425 3678; x_wconf 82' lang='lat' dir='ltr'>consilio</span> <span class='ocrx_word' id='word_1_206' title='bbox 453 3605 571 3679; x_wconf 62' lang='lat' dir='ltr'>editas</span> <span class='ocrx_word' id='word_1_207' title='bbox 593 3606 628 3678; x_wconf 80' lang='lat' dir='ltr'>dr</span> <span class='ocrx_word' id='word_1_208' title='bbox 659 3607 701 3679; x_wconf 87' lang='lat' dir='ltr'>ab</span> <span class='ocrx_word' id='word_1_209' title='bbox 725 3604 881 3681; x_wconf 83' lang='lat' dir='ltr'>Ecclestis</span> <span class='ocrx_word' id='word_1_210' title='bbox 904 3606 1047 3681; x_wconf 90' lang='lat' dir='ltr'>illorum</span> <span class='ocrx_word' id='word_1_211' title='bbox 1070 3609 1220 3699; x_wconf 88' lang='lat' dir='ltr'>imperio</span> <span class='ocrx_word' id='word_1_212' title='bbox 1242 3604 1325 3679; x_wconf 89' lang='lat' dir='ltr'>sub·</span> 
     </span>
     <span class='ocr_line' id='line_1_32' title="bbox 275 3701 1322 3800; baseline 0.005 -21"><span class='ocrx_word' id='word_1_213' title='bbox 275 3704 358 3779; x_wconf 83' lang='lat' dir='ltr'>ditis</span> <span class='ocrx_word' id='word_1_214' title='bbox 374 3705 458 3778; x_wconf 90' lang='lat' dir='ltr'>olim</span> <span class='ocrx_word' id='word_1_215' title='bbox 475 3720 636 3799; x_wconf 86' lang='lat' dir='ltr'>recepta,</span> <span class='ocrx_word' id='word_1_216' title='bbox 652 3706 687 3778; x_wconf 80' lang='lat' dir='ltr'>dc</span> <span class='ocrx_word' id='word_1_217' title='bbox 701 3706 898 3789; x_wconf 85' lang='lat' dir='ltr'>observata,</span> <span class='ocrx_word' id='word_1_218' title='bbox 914 3705 971 3779; x_wconf 91' lang='lat' dir='ltr'>lib.</span> <span class='ocrx_word' id='word_1_219' title='bbox 986 3717 1017 3777; x_wconf 87' lang='lat'>6.</span> <span class='ocrx_word' id='word_1_220' title='bbox 1034 3727 1064 3780; x_wconf 93' lang='lat' dir='ltr'>c.</span> <span class='ocrx_word' id='word_1_221' title='bbox 1080 3720 1141 3795; x_wconf 85' lang='lat'>96.</span> <span class='ocrx_word' id='word_1_222' title='bbox 1158 3759 1179 3794; x_wconf 79' lang='lat'>‚‚</span> <span class='ocrx_word' id='word_1_223' title='bbox 1191 3761 1213 3795; x_wconf 86' lang='lat'><strong>„</strong></span> <span class='ocrx_word' id='word_1_224' title='bbox 1247 3701 1322 3800; x_wconf 61' lang='lat' dir='ltr'>lpse</span> 
     </span>
     <span class='ocr_line' id='line_1_33' title="bbox 275 3802 1411 3905; baseline 0.001 -27"><span class='ocrx_word' id='word_1_225' title='bbox 275 3827 431 3899; x_wconf 88' lang='lat' dir='ltr'>namque</span> <span class='ocrx_word' id='word_1_226' title='bbox 456 3827 533 3899; x_wconf 82' lang='lat' dir='ltr'>quae</span> <span class='ocrx_word' id='word_1_227' title='bbox 546 3809 697 3896; x_wconf 88' lang='lat' dir='ltr'>rapitur,</span> <span class='ocrx_word' id='word_1_228' title='bbox 716 3804 739 3878; x_wconf 88' lang='lat' dir='ltr'>sa</span> <span class='ocrx_word' id='word_1_229' title='bbox 760 3821 821 3880; x_wconf 89' lang='lat' dir='ltr'>aut</span> <span class='ocrx_word' id='word_1_230' title='bbox 838 3808 980 3903; x_wconf 85' lang='lat' dir='ltr'>primo,</span> <span class='ocrx_word' id='word_1_231' title='bbox 1002 3820 1064 3880; x_wconf 89' lang='lat' dir='ltr'>aut</span> <span class='ocrx_word' id='word_1_232' title='bbox 1089 3802 1322 3897; x_wconf 82' lang='lat' dir='ltr'>postmodum</span> <span class='ocrx_word' id='word_1_233' title='bbox 1408 3899 1411 3905; x_wconf 84' lang='lat'>.</span> 
     </span>
     <span class='ocr_line' id='line_1_34' title="bbox 276 3902 1322 4002; baseline -0.001 -25"><span class='ocrx_word' id='word_1_234' title='bbox 276 3918 349 3977; x_wconf 85' lang='lat' dir='ltr'>tam</span> <span class='ocrx_word' id='word_1_235' title='bbox 365 3903 496 3978; x_wconf 85' lang='lat' dir='ltr'>nefario</span> <span class='ocrx_word' id='word_1_236' title='bbox 507 3903 621 3977; x_wconf 90' lang='lat' dir='ltr'>sceleri</span> <span class='ocrx_word' id='word_1_237' title='bbox 636 3906 745 3977; x_wconf 79' lang='lat' dir='ltr'>libens</span> <span class='ocrx_word' id='word_1_238' title='bbox 756 3903 965 3977; x_wconf 78' lang='lat' dir='ltr'>consenserit</span> <span class='ocrx_word' id='word_1_239' title='bbox 982 3946 991 3977; x_wconf 77' lang='lat'><strong>&gt;</strong></span> <span class='ocrx_word' id='word_1_240' title='bbox 1007 3927 1188 4002; x_wconf 88' lang='lat' dir='ltr'>nunquam</span> <span class='ocrx_word' id='word_1_241' title='bbox 1202 3902 1322 3998; x_wconf 83' lang='lat' dir='ltr'>postea</span> 
     </span>
    </p>

    <p class='ocr_par' dir='ltr' id='par_1_7' title="bbox 274 4000 1397 4683">
     <span class='ocr_line' id='line_1_35' title="bbox 277 4000 1324 4100; baseline -0.002 -20"><span class='ocrx_word' id='word_1_242' title='bbox 277 4005 388 4080; x_wconf 85' lang='lat' dir='ltr'>nubat</span> <span class='ocrx_word' id='word_1_243' title='bbox 408 4051 416 4076; x_wconf 81' lang='lat'>‚</span> <span class='ocrx_word' id='word_1_244' title='bbox 436 4003 492 4078; x_wconf 87' lang='lat' dir='ltr'>sed</span> <span class='ocrx_word' id='word_1_245' title='bbox 511 4004 648 4098; x_wconf 88' lang='lat' dir='ltr'>publica</span> <span class='ocrx_word' id='word_1_246' title='bbox 671 4006 882 4100; x_wconf 88' lang='lat' dir='ltr'>poenitentia</span> <span class='ocrx_word' id='word_1_247' title='bbox 904 4001 1091 4079; x_wconf 76' lang='lat' dir='ltr'>multletur</span> <span class='ocrx_word' id='word_1_248' title='bbox 1106 4058 1115 4087; x_wconf 92' lang='lat'>,</span> <span class='ocrx_word' id='word_1_249' title='bbox 1131 4005 1167 4077; x_wconf 73' lang='grc' dir='ltr'>δι</span> <span class='ocrx_word' id='word_1_250' title='bbox 1185 4002 1246 4080; x_wconf 91' lang='lat' dir='ltr'>sub</span> <span class='ocrx_word' id='word_1_251' title='bbox 1264 4000 1324 4078; x_wconf 83' lang='lat' dir='ltr'>tals</span> 
     </span>
     <span class='ocr_line' id='line_1_36' title="bbox 276 4101 1397 4196; baseline 0.002 -18"><span class='ocrx_word' id='word_1_252' title='bbox 276 4103 436 4178; x_wconf 87' lang='lat' dir='ltr'>custodia</span> <span class='ocrx_word' id='word_1_253' title='bbox 468 4121 652 4196; x_wconf 64' lang='lat' dir='ltr'>ponatur,</span> <span class='ocrx_word' id='word_1_254' title='bbox 686 4117 727 4178; x_wconf 87' lang='lat' dir='ltr'>ut</span> <span class='ocrx_word' id='word_1_255' title='bbox 757 4104 787 4177; x_wconf 89' lang='lat' dir='ltr'>ei</span> <span class='ocrx_word' id='word_1_256' title='bbox 818 4101 1016 4182; x_wconf 86' lang='lat' dir='ltr'>nullatenus</span> <span class='ocrx_word' id='word_1_257' title='bbox 1043 4101 1211 4186; x_wconf 81' lang='lat' dir='ltr'>luxuriati</span> <span class='ocrx_word' id='word_1_258' title='bbox 1239 4124 1326 4181; x_wconf 85' lang='lat' dir='ltr'>cunt</span> <span class='ocrx_word' id='word_1_259' title='bbox 1394 4116 1397 4123; x_wconf 87' lang='lat'>&#39;</span> 
     </span>
     <span class='ocr_line' id='line_1_37' title="bbox 275 4198 1327 4300; baseline 0.001 -23"><span class='ocrx_word' id='word_1_260' title='bbox 275 4226 461 4298; x_wconf 89' lang='lat' dir='ltr'>quoquam</span> <span class='ocrx_word' id='word_1_261' title='bbox 490 4201 593 4276; x_wconf 89' lang='lat' dir='ltr'>liceat</span> <span class='ocrx_word' id='word_1_262' title='bbox 616 4257 685 4291; x_wconf 87' lang='lat'><strong>,‚„.</strong></span> <span class='ocrx_word' id='word_1_263' title='bbox 716 4200 828 4296; x_wconf 87' lang='lat' dir='ltr'>Quod</span> <span class='ocrx_word' id='word_1_264' title='bbox 847 4216 955 4300; x_wconf 89' lang='lat' dir='ltr'>caput</span> <span class='ocrx_word' id='word_1_265' title='bbox 979 4199 1069 4287; x_wconf 79' lang='lat' dir='ltr'>Isaac</span> <span class='ocrx_word' id='word_1_266' title='bbox 1090 4198 1327 4297; x_wconf 71' lang='lat' dir='ltr'>lingonense</span> 
     </span>
     <span class='ocr_line' id='line_1_38' title="bbox 274 4297 1382 4399; baseline -0.009 -21"><span class='ocrx_word' id='word_1_267' title='bbox 274 4297 468 4399; x_wconf 82' lang='lat' dir='ltr'>Episcopus</span> <span class='ocrx_word' id='word_1_268' title='bbox 488 4299 613 4378; x_wconf 90' lang='lat' dir='ltr'>Titulo</span> <span class='ocrx_word' id='word_1_269' title='bbox 641 4299 869 4376; x_wconf 80' lang='lat' dir='ltr'>Colletliouis</span> <span class='ocrx_word' id='word_1_270' title='bbox 898 4299 965 4377; x_wconf 78' lang='lat' dir='ltr'>strar</span> <span class='ocrx_word' id='word_1_271' title='bbox 995 4300 1188 4377; x_wconf 84' lang='lat' dir='ltr'>undecimo</span> <span class='ocrx_word' id='word_1_272' title='bbox 1210 4299 1331 4378; x_wconf 81' lang='lat' dir='ltr'>refert.</span> <span class='ocrx_word' id='word_1_273' title='bbox 1379 4362 1382 4368; x_wconf 89' lang='lat'>.</span> 
     </span>
     <span class='ocr_line' id='line_1_39' title="bbox 274 4396 1329 4496; baseline -0.007 -20"><span class='ocrx_word' id='word_1_274' title='bbox 274 4401 370 4494; x_wconf 83' lang='lat' dir='ltr'>Quis</span> <span class='ocrx_word' id='word_1_275' title='bbox 388 4403 503 4476; x_wconf 84' lang='lat' dir='ltr'>dicere</span> <span class='ocrx_word' id='word_1_276' title='bbox 522 4401 650 4475; x_wconf 88' lang='lat' dir='ltr'>audeat</span> <span class='ocrx_word' id='word_1_277' title='bbox 672 4399 732 4475; x_wconf 87' lang='lat' dir='ltr'>has</span> <span class='ocrx_word' id='word_1_278' title='bbox 756 4398 932 4476; x_wconf 72' lang='lat' dir='ltr'>Ecclesia,</span> <span class='ocrx_word' id='word_1_279' title='bbox 949 4396 1329 4496; x_wconf 85' lang='lat' dir='ltr'>Principomquecun.</span> 
     </span>
     <span class='ocr_line' id='line_1_40' title="bbox 274 4497 1332 4683; baseline 0.005 -105"><span class='ocrx_word' id='word_1_280' title='bbox 274 4505 463 4580; x_wconf 80' lang='lat' dir='ltr'>eordrutes</span> <span class='ocrx_word' id='word_1_281' title='bbox 478 4501 573 4603; x_wconf 80' lang='lat' dir='ltr'>leger</span> <span class='ocrx_word' id='word_1_282' title='bbox 592 4497 820 4683; x_wconf 48' lang='lat' dir='ltr'>eonstielritiat</span> <span class='ocrx_word' id='word_1_283' title='bbox 836 4523 972 4593; x_wconf 79' lang='lat' dir='ltr'>eurum,</span> <span class='ocrx_word' id='word_1_284' title='bbox 986 4500 1201 4603; x_wconf 72' lang='lat' dir='ltr'>quitatione</span> <span class='ocrx_word' id='word_1_285' title='bbox 1216 4511 1332 4576; x_wconf 67' lang='lat' dir='ltr'>erant-t</span> 
     </span>
    </p>

    <p class='ocr_par' dir='ltr' id='par_1_8' title="bbox 787 4614 1274 4698">
     <span class='ocr_line' id='line_1_41' title="bbox 787 4614 1274 4698; baseline -0.008 -20"><span class='ocrx_word' id='word_1_286' title='bbox 787 4621 803 4698; x_wconf 73' lang='grc' dir='ltr'><strong>ς</strong></span> <span class='ocrx_word' id='word_1_287' title='bbox 1196 4614 1274 4679; x_wconf 75' lang='lat' dir='ltr'>aaa</span> 
     </span>
    </p>
   </div>
   <div class='ocr_carea' id='block_1_7' title="bbox 1311 4747 1411 4849">
    <p class='ocr_par' dir='ltr' id='par_1_9' title="bbox 1311 4747 1411 4849">
     <span class='ocr_line' id='line_1_42' title="bbox 1311 4747 1411 4849; baseline 0 0"><span class='ocrx_word' id='word_1_288' title='bbox 1311 4747 1324 4804; x_wconf 33' lang='lat' dir='ltr'>k</span> <span class='ocrx_word' id='word_1_289' title='bbox 1404 4835 1411 4849; x_wconf 73' lang='grc' dir='ltr'><strong><em>ι</em></strong></span> 
     </span>
    </p>
   </div>
   <div class='ocr_carea' id='block_1_8' title="bbox 0 0 1883 5425">
    <p class='ocr_par' dir='ltr' id='par_1_10' title="bbox 0 0 1883 5425">
     <span class='ocr_line' id='line_1_43' title="bbox 0 0 1883 5425; baseline 0 0"><span class='ocrx_word' id='word_1_290' title='bbox 0 0 1883 5425; x_wconf 95' lang='lat' dir='ltr'> </span> 
     </span>
    </p>
   </div>
  </div>
 </body>
</html>
