3700 5425
453 656 455 663 ,
532 534 803 666 De'Peccatis
823 566 869 660 in
892 580 1062 684 genere.¹
1260 568 1345 682 '495

300 743 485 848 quitquam
511 745 654 829 extitit,
675 744 737 842 qui
760 739 916 820 censeret
939 758 1012 823 tom
1035 744 1113 819 cito
1132 748 1344 824 nocentium

300 847 455 927 liniendo
480 842 547 921 elle
572 857 771 929 tormenta,
790 864 897 942 quam
916 845 992 921 olto
1008 843 1137 922 fotium
1155 843 1203 922 eil
1225 843 1345 921 homi·

303 950 461 1032 cidiunu
484 943 538 1019 vet
555 942 794 1037 sacrilegium,
814 940 869 1017 vel
891 942 1078 1043 quodlibet
1097 942 1191 1020 uliud
1211 942 1342 1033 scelus,

302 1066 384 1129 non,
396 1045 564 1143 temporis
579 1042 823 1137 longitudine,
842 1040 899 1117 led
922 1044 1138 1138 iniquitatit,
1165 1046 1202 1120 dt
1222 1045 1347 1142 impie·

304 1150 384 1224 tatio
407 1141 650 1238 magnitudine
676 1139 908 1217 metiendum.
936 1141 1011 1235 Qui
1034 1161 1119 1218 veto
1137 1139 1344 1243 proaliquo

304 1243 429 1343 grandi
443 1247 591 1320 crimine
610 1258 728 1316 morte
747 1238 953 1328 multiatur,
970 1241 1130 1338 nunquid
1142 1264 1344 1341 motuque

303 1345 504 1423 occiditur,
527 1361 607 1438 quae
629 1341 805 1438 perbrevis
829 1336 899 1418 est,
924 1336 998 1436 ejus
1016 1340 1228 1439 supplicium
1249 1342 1346 1440 leget

303 1443 550 1522 estimatio&
579 1461 654 1515 non
678 1439 777 1535 quod
808 1462 890 1515 eum
916 1441 954 1517 ln
978 1440 1225 1533 sempiternum
1252 1442 1364 1520 aulea.

304 1552 395 1621 tunt
407 1542 452 1617 de
473 1539 637 1616 societate
657 1537 880 1615 viventium?
894 1536 1008 1635 Quod
1023 1534 1072 1620 est
1085 1557 1206 1621 autem
1225 1542 1271 1622 de
1286 1541 1349 1621 itte

306 1645 449 1722 civitate
478 1637 620 1715 mortali
656 1636 824 1715 hominen
845 1635 1017 1737 supplicio
1044 1642 1167 1736 ptimae
1197 1644 1347 1724 mortis,

305 1735 382 1821 hoc
401 1739 450 1816 est
474 1736 520 1814 de
541 1739 684 1816 civitate
703 1738 760 1815 illa
778 1740 970 1816 immortali
991 1737 1155 1817 homines
1175 1739 1237 1832 suo
1264 1741 1349 1818 licio

305 1841 469 1919 secundae
499 1839 625 1914 mortis
646 1835 790 1914 auferre·
826 1835 926 1915 Sicut
955 1843 1052 1916 enim
1082 1860 1158 1917 nou
1188 1866 1207 1916 e
1248 1845 1349 1919 ciunt

307 1934 405 2036 leget
430 1939 535 2034 hujus
559 1938 735 2022 civitatis,
759 1953 802 2014 ut
821 1938 857 2011 in
887 1958 966 2013 eom
987 1937 1137 2039 quilque
1156 1955 1347 2020 revocetur

308 2056 497 2122 oeternum,
528 2033 678 2113 secunda
701 2051 819 2113 morte
841 2038 1028 2116 damnatus
1045 2093 1067 2132 ,‚
1084 2091 1118 2131 „.
1143 2034 1196 2120 lte
1215 2035 1370 2120 diderit

307 2146 344 2221 S.
362 2132 496 2230 August.
519 2134 653 2217 iinon
682 2139 736 2206 De
761 2141 837 2215 Lien
863 2142 956 2220 Dei,
973 2160 1051 2236 cap.
1066 2153 1125 2221 11.
1240 2141 1250 2156 “

357 2233 552 2313 l’taetetea:
571 2289 627 2329 „„
666 2233 702 2313 Si
734 2236 863 2336 quibus
883 2233 1034 2319 dicitutt
1061 2237 1232 2328 Discedite
1256 2258 1277 2308 e
1300 2257 1350 2309 ne
1367 2202 1543 2288 mni?

307 2334 475 2412 nolentis·
493 2333 529 2405 'in
555 2337 661 2428 ignem
688 2353 863 2424 eternum,
881 2338 940 2433 qui
961 2328 1165 2428 parentini
1193 2334 1349 2416 diabolo,
1499 2364 1501 2368 ⁴

309 2443 354 2511 tl*
379 2435 514 2531 Angelis
534 2435 623 2526 ejus,
648 2434 703 2513 vel
729 2427 899 2522 univerll,
921 2436 975 2513 vel
996 2433 1103 2538 alqui
1121 2457 1248 2517 eorum
1274 2461 1351 2516 non

310 2532 446 2635 semper
465 2530 511 2612 ibi
534 2549 661 2618 erunt,
687 2534 773 2632 quid
792 2535 901 2613 cauiae
926 2537 996 2623 est,
1019 2561 1086 2616 cur
1111 2538 1295 2622 diabolus,
1315 2538 1353 2615 dt
1422 2610 1424 2614 .

311 2636 440 2735 Angeli
469 2635 604 2732 semper
638 2635 685 2712 ibi
714 2634 821 2712 futuri
848 2628 915 2714 elle
936 2638 1126 2717 credantur
1142 2639 1159 2716 i
1178 2640 1231 2718 lln
1260 2638 1354 2716 forte

310 2727 384 2819 Dei
409 2735 598 2819 sententia,
624 2756 704 2832 quae
725 2738 761 2809 in
787 2734 924 2826 malos,
950 2739 986 2813 dt
1008 2738 1192 2834 Angelos,
1221 2740 1258 2814 ἃ
1284 2736 1354 2814 ho·
1414 2767 1420 2780 =

311 2842 425 2913 mines
443 2834 718 2928 proferetur‚·in
742 2835 898 2930 Angelos
920 2854 1000 2911 vern
1022 2842 1108 2919 erit,
1129 2843 1164 2913 in
1187 2836 1353 2915 homines

312 2935 418 3014 falla?
442 2933 492 3010 lto
514 2935 616 3031 plane
640 2931 712 3007 hoc
731 2930 865 3026 erit3fi
892 2937 1105 3031 non,quod
1131 2930 1350 3022 Deusdixit.

312 3037 371 3113 sed
392 3033 491 3130 quod
513 3032 726 3128 suspicantur
750 3032 943 3117 homines,
969 3034 1046 3127 plue
1074 3035 1211 3113 valebit.
1237 3032 1354 3136 Quod

313 3134 418 3218 fieri,
444 3136 524 3228 quia
553 3155 627 3206 non
656 3130 796 3228 potest,
825 3156 901 3207 non
925 3139 1165 3228 argumentati
1192 3134 1355 3211 adverso·

315 3230 524 3313 Deuoultd
543 3230 664 3306 divino
689 3234 830 3325 potius.
853 3232 940 3307 dum
962 3240 1108 3330 tempus,
1126 3235 1193 3318 est,
1223 3234 1356 3311 debent

315 3355 436 3432 parere
450 3347 649 3430 praecept0‚
663 3329 724 3427 qui
743 3328 958 3428 sempiterno
972 3336 1122 3429 cupiunt
1140 3353 1256 3410 carere
1274 3330 1357 3425 luo·

317 3435 436 3529 plicio.
478 3429 619 3508 Deinde
645 3429 747 3530 quale
772 3430 821 3504 eli
850 3447 1020 3509 aeternum
1049 3432 1257 3527 supplicium
1287 3452 1357 3526 pro
1403 3465 1407 3476 ¹

316 3536 400 3627 igne
420 3532 575 3608 diuturni
593 3533 766 3626 temporis
785 3532 1001 3606 existimare,
1023 3533 1357 3609 &vitamaeternam

316 3631 462 3709 credere
482 3629 654 3714 incline,
673 3652 757 3705 cum
778 3628 935 3708 Christus
957 3630 1084 3707 eodem
1104 3633 1178 3726 ipso
1192 3632 1298 3716 loeo,
1318 3634 1356 3707 in

315 3755 417 3817 una,
445 3730 639 3821 eodemque
673 3729 840 3805 sententio
873 3733 1003 3805 dixerit
1029 3747 1222 3831 utrumque
1253 3754 1357 3807 com·

317 3835 465 3931 plexus:
493 3835 545 3898 Sit
564 3825 659 3898 ibunt
676 3825 730 3905 iili
742 3834 776 3898 in
789 3828 980 3921 supplicium
998 3849 1167 3917 eternum,
1182 3827 1281 3916 Julii
1298 3855 1358 3898 au.

318 3950 387 4002 tem
409 3933 443 4000 in
462 3932 570 3999 vitam
591 3926 772 4004 eternam?
790 3931 826 4003 si
843 3943 1036 4027 utrumque
1054 3946 1247 4016 oeternum,
1275 3955 1358 4022 nro·

318 4028 412 4108 letto
423 4078 434 4112 ,
447 4043 509 4106 out
524 4044 716 4128 utrumque
727 4047 810 4106 cum
822 4027 891 4104 fine
902 4029 1108 4105 diuturnum
1121 4078 1131 4104 ‚
1146 4045 1206 4107 out
1221 4043 1359 4106 utrum·

321 4151 394 4225 que
422 4128 493 4204 stne
520 4129 588 4203 line
615 4145 826 4235 perpetuum
861 4128 966 4205 debet
993 4130 1150 4225 intelligi·
1194 4125 1258 4204 l’ar
1285 4130 1375 4220 uari‘

323 4229 419 4304 enim
444 4228 549 4303 relata
575 4226 686 4308 lunt,
716 4222 801 4303 hinc
823 4228 1030 4325 supplicium
1063 4238 1255 4310 aeternum,
1276 4227 1361 4302 inde

323 4332 395 4402 vitu
420 4340 557 4402 aeterno.
596 4324 725 4402 Dicere
748 4342 866 4404 autem
893 4331 929 4403 in
958 4328 1030 4404 hoc
1054 4352 1128 4404 uno
1158 4328 1363 4419 eodemque
1388 4311 1398 4402 l

323 4426 444 4513 sensu,
459 4430 528 4502 vita
558 4442 684 4503 aeterna
698 4419 770 4503 line
787 4425 857 4502 line
870 4431 954 4513 erit,
969 4426 1177 4523 supplicium
1191 4445 1363 4501 aeternunt

323 4524 434 4604 tinen
458 4524 632 4616 habebit,
659 4529 813 4606 multum
840 4525 1027 4606 absurdum
1052 4529 1111 4605 est.
1149 4526 1255 4605 Unde
1282 4531 1365 4615 quit

372 4626 467 4704 ron.
503 4622 537 4702 V
544 4627 575 4698 1.
864 4621 920 4702 li
1003 4678 1007 4688 ·
1240 4626 1312 4705 vila
