<?xml version="1.0" encoding="UTF-8"?>
<!DOCTYPE html PUBLIC "-//W3C//DTD XHTML 1.0 Transitional//EN"
    "http://www.w3.org/TR/xhtml1/DTD/xhtml1-transitional.dtd">
<html xmlns="http://www.w3.org/1999/xhtml" xml:lang="en" lang="en">
 <head>
  <title>
</title>
<meta http-equiv="Content-Type" content="text/html;charset=utf-8" />
  <meta name='ocr-system' content='tesseract 3.04.00' />
  <meta name='ocr-capabilities' content='ocr_page ocr_carea ocr_par ocr_line ocrx_word'/>
</head>
<body>
  <div class='ocr_page' id='page_1' title='image "./theologiadogmat05alexgoog_0076.png"; bbox 0 0 3700 5425; ppageno 0'>
   <div class='ocr_carea' id='block_1_1' title="bbox 502 313 1427 474">
    <p class='ocr_par' dir='ltr' id='par_1_1' title="bbox 502 313 1427 474">
     <span class='ocr_line' id='line_1_1' title="bbox 502 313 1427 474; baseline 0 -18"><span class='ocrx_word' id='word_1_1' title='bbox 502 359 567 473; x_wconf 67' lang='lat' dir='ltr'>cc]</span> <span class='ocrx_word' id='word_1_2' title='bbox 640 356 822 459; x_wconf 70' lang='lat' dir='ltr'>uncos</span> <span class='ocrx_word' id='word_1_3' title='bbox 850 353 966 474; x_wconf 57' lang='lat' dir='ltr'>noge</span> <span class='ocrx_word' id='word_1_4' title='bbox 998 353 1213 455; x_wconf 78' lang='lat' dir='ltr'>&amp;Metal</span> <span class='ocrx_word' id='word_1_5' title='bbox 1239 313 1336 460; x_wconf 58' lang='lat' dir='ltr'>[ibt</span> <span class='ocrx_word' id='word_1_6' title='bbox 1367 359 1427 456; x_wconf 83' lang='lat'>11.</span> 
     </span>
    </p>
   </div>
   <div class='ocr_carea' id='block_1_2' title="bbox 422 513 1604 2627">
    <p class='ocr_par' dir='ltr' id='par_1_2' title="bbox 501 513 1604 921">
     <span class='ocr_line' id='line_1_2' title="bbox 552 513 1604 632; baseline 0.004 -22"><span class='ocrx_word' id='word_1_7' title='bbox 552 529 825 631; x_wconf 76' lang='lat' dir='ltr'>Respondent,</span> <span class='ocrx_word' id='word_1_8' title='bbox 847 533 911 610; x_wconf 89' lang='lat' dir='ltr'>ilio</span> <span class='ocrx_word' id='word_1_9' title='bbox 932 523 1071 610; x_wconf 79' lang='lat' dir='ltr'>in-easu</span> <span class='ocrx_word' id='word_1_10' title='bbox 1091 531 1247 630; x_wconf 84' lang='lat' dir='ltr'>permitti</span> <span class='ocrx_word' id='word_1_11' title='bbox 1262 529 1414 632; x_wconf 87' lang='lat' dir='ltr'>insonti,-</span> <span class='ocrx_word' id='word_1_12' title='bbox 1429 547 1469 612; x_wconf 90' lang='lat' dir='ltr'>ut</span> <span class='ocrx_word' id='word_1_13' title='bbox 1493 557 1564 615; x_wconf 90' lang='lat' dir='ltr'>nu·</span> <span class='ocrx_word' id='word_1_14' title='bbox 1598 513 1604 536; x_wconf 62' lang='lat'>⁵</span> 
     </span>
     <span class='ocr_line' id='line_1_3' title="bbox 501 634 1563 732; baseline 0.004 -22"><span class='ocrx_word' id='word_1_15' title='bbox 501 635 586 720; x_wconf 82' lang='lat' dir='ltr'>bet,</span> <span class='ocrx_word' id='word_1_16' title='bbox 608 636 666 712; x_wconf 92' lang='lat' dir='ltr'>cui</span> <span class='ocrx_word' id='word_1_17' title='bbox 690 635 875 721; x_wconf 64' lang='lat' dir='ltr'>volueritr</span> <span class='ocrx_word' id='word_1_18' title='bbox 899 634 980 732; x_wconf 86' lang='lat' dir='ltr'>post</span> <span class='ocrx_word' id='word_1_19' title='bbox 1000 636 1143 726; x_wconf 89' lang='lat' dir='ltr'>obitum</span> <span class='ocrx_word' id='word_1_20' title='bbox 1164 634 1331 730; x_wconf 82' lang='lat' dir='ltr'>conjugis</span> <span class='ocrx_word' id='word_1_21' title='bbox 1343 657 1355 725; x_wconf 88' lang='lat'>;</span> <span class='ocrx_word' id='word_1_22' title='bbox 1381 649 1421 710; x_wconf 87' lang='lat' dir='ltr'>ut</span> <span class='ocrx_word' id='word_1_23' title='bbox 1443 634 1563 714; x_wconf 85' lang='lat' dir='ltr'>discri-</span> 
     </span>
     <span class='ocr_line' id='line_1_4' title="bbox 503 735 1562 814; baseline 0.003 -3"><span class='ocrx_word' id='word_1_24' title='bbox 503 752 590 811; x_wconf 87' lang='lat' dir='ltr'>men</span> <span class='ocrx_word' id='word_1_25' title='bbox 628 735 862 811; x_wconf 81' lang='lat' dir='ltr'>constituntur</span> <span class='ocrx_word' id='word_1_26' title='bbox 893 738 984 809; x_wconf 88' lang='lat' dir='ltr'>inter</span> <span class='ocrx_word' id='word_1_27' title='bbox 1019 735 1252 810; x_wconf 88' lang='lat' dir='ltr'>innocentem</span> <span class='ocrx_word' id='word_1_28' title='bbox 1272 755 1468 812; x_wconf 72' lang='lat' dir='ltr'>uxorem.</span> <span class='ocrx_word' id='word_1_29' title='bbox 1498 751 1562 814; x_wconf 80' lang='lat' dir='ltr'>aut</span> 
     </span>
     <span class='ocr_line' id='line_1_5' title="bbox 507 833 1561 921; baseline 0.005 -12"><span class='ocrx_word' id='word_1_30' title='bbox 507 839 625 909; x_wconf 89' lang='lat' dir='ltr'>minus</span> <span class='ocrx_word' id='word_1_31' title='bbox 647 857 770 914; x_wconf 76' lang='lat' dir='ltr'>ream,</span> <span class='ocrx_word' id='word_1_32' title='bbox 791 834 828 909; x_wconf 75' lang='grc' dir='ltr'>δι</span> <span class='ocrx_word' id='word_1_33' title='bbox 852 838 1017 910; x_wconf 86' lang='lat' dir='ltr'>maritum</span> <span class='ocrx_word' id='word_1_34' title='bbox 1037 836 1219 910; x_wconf 74' lang='lat' dir='ltr'>auclorem</span> <span class='ocrx_word' id='word_1_35' title='bbox 1242 833 1414 921; x_wconf 70' lang='lat' dir='ltr'>criminin</span> <span class='ocrx_word' id='word_1_36' title='bbox 1428 836 1465 910; x_wconf 91' lang='lat' dir='ltr'>in</span> <span class='ocrx_word' id='word_1_37' title='bbox 1484 833 1561 914; x_wconf 83' lang='lat' dir='ltr'>hoc</span> 
     </span>
    </p>

    <p class='ocr_par' dir='ltr' id='par_1_3' title="bbox 427 932 1559 2330">
     <span class='ocr_line' id='line_1_6' title="bbox 427 932 1559 1030; baseline 0.001 -20"><span class='ocrx_word' id='word_1_38' title='bbox 427 1013 430 1029; x_wconf 71' lang='grc'>,</span> <span class='ocrx_word' id='word_1_39' title='bbox 508 933 613 1030; x_wconf 88' lang='lat' dir='ltr'>quod</span> <span class='ocrx_word' id='word_1_40' title='bbox 639 935 807 1020; x_wconf 84' lang='lat' dir='ltr'>maritus,</span> <span class='ocrx_word' id='word_1_41' title='bbox 829 937 935 1010; x_wconf 83' lang='lat' dir='ltr'>etiem</span> <span class='ocrx_word' id='word_1_42' title='bbox 958 932 1038 1028; x_wconf 87' lang='lat' dir='ltr'>poll</span> <span class='ocrx_word' id='word_1_43' title='bbox 1069 949 1225 1008; x_wconf 88' lang='lat' dir='ltr'>mortem</span> <span class='ocrx_word' id='word_1_44' title='bbox 1256 935 1401 1018; x_wconf 81' lang='lat' dir='ltr'>uxoris,</span> <span class='ocrx_word' id='word_1_45' title='bbox 1420 935 1464 1009; x_wconf 86' lang='lat' dir='ltr'>ad</span> <span class='ocrx_word' id='word_1_46' title='bbox 1489 959 1559 1012; x_wconf 61' lang='lat' dir='ltr'>ces</span> 
     </span>
     <span class='ocr_line' id='line_1_7' title="bbox 509 1032 1558 1131; baseline 0.004 -24"><span class='ocrx_word' id='word_1_47' title='bbox 509 1032 1005 1131; x_wconf 78' lang='lat' dir='ltr'>lebntumveluteppendicem</span> <span class='ocrx_word' id='word_1_48' title='bbox 1015 1034 1234 1129; x_wconf 80' lang='lat' dir='ltr'>poenitentiae</span> <span class='ocrx_word' id='word_1_49' title='bbox 1255 1039 1558 1120; x_wconf 75' lang='lat' dir='ltr'>tenereturzuuor&#39;</span> 
     </span>
     <span class='ocr_line' id='line_1_8' title="bbox 510 1128 1558 1228; baseline 0.004 -22"><span class='ocrx_word' id='word_1_50' title='bbox 510 1155 625 1220; x_wconf 81' lang='lat' dir='ltr'>sero,</span> <span class='ocrx_word' id='word_1_51' title='bbox 649 1139 777 1210; x_wconf 81' lang='lat' dir='ltr'>marito</span> <span class='ocrx_word' id='word_1_52' title='bbox 803 1131 1001 1218; x_wconf 72' lang='lat' dir='ltr'>desumto,</span> <span class='ocrx_word' id='word_1_53' title='bbox 1026 1128 1140 1228; x_wconf 82' lang='lat' dir='ltr'>posset</span> <span class='ocrx_word' id='word_1_54' title='bbox 1156 1130 1200 1206; x_wconf 77' lang='lat' dir='ltr'>ed</span> <span class='ocrx_word' id='word_1_55' title='bbox 1223 1129 1389 1210; x_wconf 79' lang='lat' dir='ltr'>secundae</span> <span class='ocrx_word' id='word_1_56' title='bbox 1415 1138 1558 1227; x_wconf 80' lang='lat' dir='ltr'>nuptias</span> 
     </span>
     <span class='ocr_line' id='line_1_9' title="bbox 513 1229 1559 1330; baseline 0.001 -21"><span class='ocrx_word' id='word_1_57' title='bbox 513 1232 719 1309; x_wconf 84' lang='lat' dir='ltr'>convolare·</span> <span class='ocrx_word' id='word_1_58' title='bbox 751 1229 853 1312; x_wconf 82' lang='lat' dir='ltr'>Olim</span> <span class='ocrx_word' id='word_1_59' title='bbox 876 1232 1008 1309; x_wconf 87' lang='lat' dir='ltr'>scilicet</span> <span class='ocrx_word' id='word_1_60' title='bbox 1030 1231 1106 1308; x_wconf 80' lang='lat' dir='ltr'>haec</span> <span class='ocrx_word' id='word_1_61' title='bbox 1129 1252 1240 1330; x_wconf 83' lang='lat' dir='ltr'>poena</span> <span class='ocrx_word' id='word_1_62' title='bbox 1260 1234 1297 1306; x_wconf 87' lang='lat' dir='ltr'>in</span> <span class='ocrx_word' id='word_1_63' title='bbox 1317 1231 1467 1310; x_wconf 81' lang='lat' dir='ltr'>Ecclesia</span> <span class='ocrx_word' id='word_1_64' title='bbox 1489 1233 1559 1310; x_wconf 64' lang='lat' dir='ltr'>stes</span> 
     </span>
     <span class='ocr_line' id='line_1_10' title="bbox 513 1330 1558 1432; baseline 0.001 -24"><span class='ocrx_word' id='word_1_65' title='bbox 513 1331 735 1427; x_wconf 80' lang='lat' dir='ltr'>quentillimc</span> <span class='ocrx_word' id='word_1_66' title='bbox 752 1332 840 1416; x_wconf 81' lang='lat' dir='ltr'>fuit,</span> <span class='ocrx_word' id='word_1_67' title='bbox 857 1350 897 1408; x_wconf 90' lang='lat' dir='ltr'>ut</span> <span class='ocrx_word' id='word_1_68' title='bbox 915 1333 977 1432; x_wconf 90' lang='lat' dir='ltr'>qui</span> <span class='ocrx_word' id='word_1_69' title='bbox 1000 1349 1106 1408; x_wconf 81' lang='lat' dir='ltr'>atrox</span> <span class='ocrx_word' id='word_1_70' title='bbox 1131 1330 1279 1427; x_wconf 87' lang='lat' dir='ltr'>aliquod</span> <span class='ocrx_word' id='word_1_71' title='bbox 1302 1334 1435 1408; x_wconf 85' lang='lat' dir='ltr'>crimen</span> <span class='ocrx_word' id='word_1_72' title='bbox 1454 1354 1558 1409; x_wconf 90' lang='lat' dir='ltr'>com·</span> 
     </span>
     <span class='ocr_line' id='line_1_11' title="bbox 512 1430 1559 1531; baseline -0.007 -24"><span class='ocrx_word' id='word_1_73' title='bbox 512 1430 707 1520; x_wconf 73' lang='lat' dir='ltr'>misissent,</span> <span class='ocrx_word' id='word_1_74' title='bbox 735 1434 869 1531; x_wconf 88' lang='lat' dir='ltr'>nuptiis</span> <span class='ocrx_word' id='word_1_75' title='bbox 897 1432 1181 1528; x_wconf 89' lang='lat' dir='ltr'>impedirentur,</span> <span class='ocrx_word' id='word_1_76' title='bbox 1200 1453 1246 1506; x_wconf 90' lang='lat' dir='ltr'>ne</span> <span class='ocrx_word' id='word_1_77' title='bbox 1265 1430 1320 1506; x_wconf 81' lang='lat' dir='ltr'>rel</span> <span class='ocrx_word' id='word_1_78' title='bbox 1340 1431 1403 1526; x_wconf 88' lang='lat' dir='ltr'>ipsi</span> <span class='ocrx_word' id='word_1_79' title='bbox 1428 1433 1559 1508; x_wconf 72' lang='lat' dir='ltr'>delica-</span> 
     </span>
     <span class='ocr_line' id='line_1_12' title="bbox 512 1529 1558 1628; baseline 0 -19"><span class='ocrx_word' id='word_1_80' title='bbox 512 1536 583 1609; x_wconf 85' lang='lat' dir='ltr'>tius</span> <span class='ocrx_word' id='word_1_81' title='bbox 605 1535 788 1618; x_wconf 83' lang='lat' dir='ltr'>viverent,</span> <span class='ocrx_word' id='word_1_82' title='bbox 813 1531 869 1607; x_wconf 89' lang='lat' dir='ltr'>vel</span> <span class='ocrx_word' id='word_1_83' title='bbox 896 1555 942 1607; x_wconf 87' lang='lat' dir='ltr'>ex</span> <span class='ocrx_word' id='word_1_84' title='bbox 965 1554 1092 1608; x_wconf 87' lang='lat' dir='ltr'>eorum</span> <span class='ocrx_word' id='word_1_85' title='bbox 1114 1532 1217 1628; x_wconf 89' lang='lat' dir='ltr'>llirpe</span> <span class='ocrx_word' id='word_1_86' title='bbox 1238 1529 1363 1608; x_wconf 70' lang='lat' dir='ltr'>infeste</span> <span class='ocrx_word' id='word_1_87' title='bbox 1385 1529 1443 1608; x_wconf 86' lang='lat' dir='ltr'>filii</span> <span class='ocrx_word' id='word_1_88' title='bbox 1469 1529 1558 1625; x_wconf 86' lang='lat' dir='ltr'>ejus·</span> 
     </span>
     <span class='ocr_line' id='line_1_13' title="bbox 511 1629 1552 1728; baseline -0.003 -23"><span class='ocrx_word' id='word_1_89' title='bbox 511 1633 596 1708; x_wconf 84' lang='lat' dir='ltr'>dem</span> <span class='ocrx_word' id='word_1_90' title='bbox 631 1632 786 1709; x_wconf 83' lang='lat' dir='ltr'>criminis</span> <span class='ocrx_word' id='word_1_91' title='bbox 820 1629 1015 1726; x_wconf 81' lang='lat' dir='ltr'>suspicione</span> <span class='ocrx_word' id='word_1_92' title='bbox 1052 1629 1226 1707; x_wconf 82' lang='lat' dir='ltr'>notabiles</span> <span class='ocrx_word' id='word_1_93' title='bbox 1265 1637 1552 1728; x_wconf 76' lang='lat' dir='ltr'>procrearentun</span> 
     </span>
     <span class='ocr_line' id='line_1_14' title="bbox 509 1726 1558 1829; baseline 0 -21"><span class='ocrx_word' id='word_1_94' title='bbox 509 1731 692 1808; x_wconf 74' lang='lat' dir='ltr'>Parricidis</span> <span class='ocrx_word' id='word_1_95' title='bbox 730 1731 823 1806; x_wconf 86' lang='lat' dir='ltr'>hanc</span> <span class='ocrx_word' id='word_1_96' title='bbox 854 1753 1003 1829; x_wconf 80' lang='lat' dir='ltr'>poenum</span> <span class='ocrx_word' id='word_1_97' title='bbox 1028 1732 1197 1826; x_wconf 76' lang='lat' dir='ltr'>imposuit</span> <span class='ocrx_word' id='word_1_98' title='bbox 1227 1726 1433 1808; x_wconf 83' lang='lat' dir='ltr'>Concilium</span> <span class='ocrx_word' id='word_1_99' title='bbox 1470 1729 1558 1808; x_wconf 84' lang='lat' dir='ltr'>llio-</span> 
     </span>
     <span class='ocr_line' id='line_1_15' title="bbox 508 1823 1558 1926; baseline 0 -20"><span class='ocrx_word' id='word_1_100' title='bbox 508 1835 704 1924; x_wconf 85' lang='lat' dir='ltr'>guntinum</span> <span class='ocrx_word' id='word_1_101' title='bbox 723 1831 784 1907; x_wconf 90' lang='lat' dir='ltr'>sub</span> <span class='ocrx_word' id='word_1_102' title='bbox 805 1828 975 1926; x_wconf 77' lang='lat' dir='ltr'>Rabuno,</span> <span class='ocrx_word' id='word_1_103' title='bbox 990 1828 1140 1907; x_wconf 78' lang='lat' dir='ltr'>Conone</span> <span class='ocrx_word' id='word_1_104' title='bbox 1151 1847 1212 1912; x_wconf 68' lang='grc' dir='ltr'>ιο.</span> <span class='ocrx_word' id='word_1_105' title='bbox 1239 1823 1410 1906; x_wconf 82' lang='lat' dir='ltr'>Eemdem</span> <span class='ocrx_word' id='word_1_106' title='bbox 1431 1830 1558 1907; x_wconf 82' lang='lat' dir='ltr'>adver·</span> 
     </span>
     <span class='ocr_line' id='line_1_16' title="bbox 506 1928 1557 2008; baseline 0.002 -5"><span class='ocrx_word' id='word_1_107' title='bbox 506 1929 624 2005; x_wconf 76' lang='lat' dir='ltr'>versus</span> <span class='ocrx_word' id='word_1_108' title='bbox 658 1928 873 2008; x_wconf 81' lang='lat' dir='ltr'>incestuosos</span> <span class='ocrx_word' id='word_1_109' title='bbox 908 1931 1141 2007; x_wconf 87' lang='lat' dir='ltr'>decreverunt</span> <span class='ocrx_word' id='word_1_110' title='bbox 1177 1929 1381 2008; x_wconf 85' lang='lat' dir='ltr'>Concilium</span> <span class='ocrx_word' id='word_1_111' title='bbox 1406 1928 1557 2007; x_wconf 73' lang='lat' dir='ltr'>Verone-</span> 
     </span>
     <span class='ocr_line' id='line_1_17' title="bbox 505 2029 1557 2125; baseline 0 -20"><span class='ocrx_word' id='word_1_112' title='bbox 505 2030 648 2124; x_wconf 83' lang='lat' dir='ltr'>riense,</span> <span class='ocrx_word' id='word_1_113' title='bbox 675 2029 824 2107; x_wconf 78' lang='lat' dir='ltr'>Conone</span> <span class='ocrx_word' id='word_1_114' title='bbox 841 2050 878 2125; x_wconf 84' lang='lat'>4.·</span> <span class='ocrx_word' id='word_1_115' title='bbox 911 2033 948 2107; x_wconf 73' lang='grc' dir='ltr'>δι</span> <span class='ocrx_word' id='word_1_116' title='bbox 978 2030 1201 2108; x_wconf 84' lang='lat' dir='ltr'>Triburiense</span> <span class='ocrx_word' id='word_1_117' title='bbox 1232 2030 1454 2123; x_wconf 76' lang='lat' dir='ltr'>Conone44</span> <span class='ocrx_word' id='word_1_118' title='bbox 1481 2030 1557 2105; x_wconf 59' lang='lat' dir='ltr'>tid-¹</span> 
     </span>
     <span class='ocr_line' id='line_1_18' title="bbox 505 2129 1556 2216; baseline 0.003 -12"><span class='ocrx_word' id='word_1_119' title='bbox 505 2129 622 2208; x_wconf 86' lang='lat' dir='ltr'>verl&#39;rts</span> <span class='ocrx_word' id='word_1_120' title='bbox 645 2131 823 2208; x_wconf 79' lang='lat' dir='ltr'>adulteros</span> <span class='ocrx_word' id='word_1_121' title='bbox 845 2129 1038 2216; x_wconf 76' lang='lat' dir='ltr'>lexeadem</span> <span class='ocrx_word' id='word_1_122' title='bbox 1063 2131 1151 2207; x_wconf 91' lang='lat' dir='ltr'>olim</span> <span class='ocrx_word' id='word_1_123' title='bbox 1168 2131 1214 2206; x_wconf 83' lang='lat' dir='ltr'>a&#39;b</span> <span class='ocrx_word' id='word_1_124' title='bbox 1236 2129 1389 2208; x_wconf 80' lang='lat' dir='ltr'>Ecclesia</span> <span class='ocrx_word' id='word_1_125' title='bbox 1401 2130 1469 2207; x_wconf 80' lang='lat' dir='ltr'>luta</span> <span class='ocrx_word' id='word_1_126' title='bbox 1481 2131 1556 2207; x_wconf 76' lang='lat' dir='ltr'>eil·</span> 
     </span>
     <span class='ocr_line' id='line_1_19' title="bbox 505 2227 1555 2330; baseline 0 -24"><span class='ocrx_word' id='word_1_127' title='bbox 505 2227 682 2315; x_wconf 77' lang='lat' dir='ltr'>Conone,</span> <span class='ocrx_word' id='word_1_128' title='bbox 707 2234 759 2300; x_wconf 86' lang='lat' dir='ltr'>Hi</span> <span class='ocrx_word' id='word_1_129' title='bbox 772 2253 878 2310; x_wconf 79' lang='lat' dir='ltr'>vero,-</span> <span class='ocrx_word' id='word_1_130' title='bbox 905 2229 1003 2305; x_wconf 77' lang='lat' dir='ltr'>causa</span> <span class='ocrx_word' id='word_1_131' title='bbox 1020 2247 1078 2319; x_wconf 82' lang='lat'>32.</span> <span class='ocrx_word' id='word_1_132' title='bbox 1102 2229 1182 2330; x_wconf 74' lang='lat' dir='ltr'><strong>q-y&#39;.</strong></span> <span class='ocrx_word' id='word_1_133' title='bbox 1208 2228 1464 2308; x_wconf 86' lang='lat' dir='ltr'>innocentibus</span> <span class='ocrx_word' id='word_1_134' title='bbox 1491 2247 1555 2306; x_wconf 67' lang='lat' dir='ltr'>au·</span> 
     </span>
    </p>

    <p class='ocr_par' dir='ltr' id='par_1_4' title="bbox 422 2326 1557 2627">
     <span class='ocr_line' id='line_1_20' title="bbox 422 2326 1556 2428; baseline 0.004 -23"><span class='ocrx_word' id='word_1_135' title='bbox 422 2415 425 2420; x_wconf 49' lang='grc'><em>,</em></span> <span class='ocrx_word' id='word_1_136' title='bbox 504 2340 579 2405; x_wconf 86' lang='lat' dir='ltr'>tem</span> <span class='ocrx_word' id='word_1_137' title='bbox 596 2331 811 2426; x_wconf 84' lang='lat' dir='ltr'>conjugibus</span> <span class='ocrx_word' id='word_1_138' title='bbox 825 2326 1028 2428; x_wconf 83' lang='lat' dir='ltr'>permissum</span> <span class='ocrx_word' id='word_1_139' title='bbox 1042 2331 1115 2416; x_wconf 86' lang='lat' dir='ltr'>est,</span> <span class='ocrx_word' id='word_1_140' title='bbox 1136 2347 1176 2407; x_wconf 90' lang='lat' dir='ltr'>ut</span> <span class='ocrx_word' id='word_1_141' title='bbox 1190 2330 1270 2425; x_wconf 90' lang='lat' dir='ltr'>post</span> <span class='ocrx_word' id='word_1_142' title='bbox 1282 2347 1442 2408; x_wconf 87' lang='lat' dir='ltr'>mortem</span> <span class='ocrx_word' id='word_1_143' title='bbox 1458 2330 1556 2426; x_wconf 75' lang='lat' dir='ltr'>ejus.</span> 
     </span>
     <span class='ocr_line' id='line_1_21' title="bbox 503 2427 1557 2530; baseline 0.002 -26"><span class='ocrx_word' id='word_1_144' title='bbox 503 2428 622 2526; x_wconf 91' lang='lat' dir='ltr'>quise</span> <span class='ocrx_word' id='word_1_145' title='bbox 651 2433 772 2528; x_wconf 86' lang='lat' dir='ltr'>aliquo</span> <span class='ocrx_word' id='word_1_146' title='bbox 805 2429 1011 2524; x_wconf 84' lang='lat' dir='ltr'>hujusmodi</span> <span class='ocrx_word' id='word_1_147' title='bbox 1037 2432 1184 2507; x_wconf 83' lang='lat' dir='ltr'>crinrine</span> <span class='ocrx_word' id='word_1_148' title='bbox 1208 2430 1386 2530; x_wconf 80' lang='lat' dir='ltr'>polluerat</span> <span class='ocrx_word' id='word_1_149' title='bbox 1403 2473 1416 2515; x_wconf 71' lang='lat' dir='ltr'>a</span> <span class='ocrx_word' id='word_1_150' title='bbox 1436 2431 1482 2510; x_wconf 79' lang='lat' dir='ltr'>ud</span> <span class='ocrx_word' id='word_1_151' title='bbox 1505 2427 1557 2506; x_wconf 76' lang='lat' dir='ltr'>se·</span> 
     </span>
     <span class='ocr_line' id='line_1_22' title="bbox 503 2526 1031 2627; baseline 0.008 -21"><span class='ocrx_word' id='word_1_152' title='bbox 503 2529 637 2608; x_wconf 81' lang='lat' dir='ltr'>cundes</span> <span class='ocrx_word' id='word_1_153' title='bbox 663 2533 805 2627; x_wconf 78' lang='lat' dir='ltr'>nuptias</span> <span class='ocrx_word' id='word_1_154' title='bbox 835 2526 1031 2610; x_wconf 82' lang='lat' dir='ltr'>tranlitent.</span> 
     </span>
    </p>
   </div>
   <div class='ocr_carea' id='block_1_3' title="bbox 691 2685 1541 2807">
    <p class='ocr_par' dir='ltr' id='par_1_5' title="bbox 577 2685 1541 2807">
     <span class='ocr_line' id='line_1_23' title="bbox 691 2685 1541 2807; baseline 0.002 -9.763"><span class='ocrx_word' id='word_1_155' title='bbox 691 2685 1367 2807; x_wconf 74' lang='lat' dir='ltr'>nnonosrnronl</span> <span class='ocrx_word' id='word_1_156' title='bbox 1528 2722 1541 2759; x_wconf 38' lang='grc' dir='ltr'>κ</span> 
     </span>
    </p>
   </div>
   <div class='ocr_carea' id='block_1_4' title="bbox 501 2846 1552 3073">
    <p class='ocr_par' dir='ltr' id='par_1_6' title="bbox 501 2846 1552 3073">
     <span class='ocr_line' id='line_1_24' title="bbox 501 2846 1552 2968; baseline 0 -15"><span class='ocrx_word' id='word_1_157' title='bbox 501 2846 759 2953; x_wconf 76' lang='lat' dir='ltr'>Matrt&#39;mont&#39;um</span> <span class='ocrx_word' id='word_1_158' title='bbox 798 2900 941 2964; x_wconf 77' lang='lat' dir='ltr'>retunt,</span> <span class='ocrx_word' id='word_1_159' title='bbox 978 2902 1041 2950; x_wconf 89' lang='lat' dir='ltr'>non</span> <span class='ocrx_word' id='word_1_160' title='bbox 1069 2877 1347 2968; x_wconf 73' lang='lat' dir='ltr'>consummatum,</span> <span class='ocrx_word' id='word_1_161' title='bbox 1378 2874 1552 2962; x_wconf 56' lang='lat' dir='ltr'>nonestis&amp;</span> 
     </span>
     <span class='ocr_line' id='line_1_25' title="bbox 806 2976 1238 3073; baseline -0.005 -21"><span class='ocrx_word' id='word_1_162' title='bbox 806 2976 1003 3073; x_wconf 78' lang='lat' dir='ltr'>Profefflone</span> <span class='ocrx_word' id='word_1_163' title='bbox 1012 3012 1022 3045; x_wconf 65' lang='grc' dir='ltr'>κ</span> <span class='ocrx_word' id='word_1_164' title='bbox 1036 2977 1238 3070; x_wconf 73' lang='lat' dir='ltr'>deffolvirur.</span> 
     </span>
    </p>
   </div>
   <div class='ocr_carea' id='block_1_5' title="bbox 298 3110 1548 3333">
    <p class='ocr_par' dir='ltr' id='par_1_7' title="bbox 298 3110 1548 3333">
     <span class='ocr_line' id='line_1_26' title="bbox 298 3110 1547 3295; baseline 0.014 -101"><span class='ocrx_word' id='word_1_165' title='bbox 298 3110 443 3243; x_wconf 63' lang='lat' dir='ltr'>iieitglnia</span> <span class='ocrx_word' id='word_1_166' title='bbox 504 3140 582 3295; x_wconf 86' lang='lat' dir='ltr'><strong>H</strong></span> <span class='ocrx_word' id='word_1_167' title='bbox 598 3158 649 3216; x_wconf 84' lang='lat' dir='ltr'>aec</span> <span class='ocrx_word' id='word_1_168' title='bbox 675 3136 878 3234; x_wconf 81' lang='lat' dir='ltr'>Propofitio</span> <span class='ocrx_word' id='word_1_169' title='bbox 904 3140 1028 3216; x_wconf 88' lang='lat' dir='ltr'>nititur</span> <span class='ocrx_word' id='word_1_170' title='bbox 1057 3137 1279 3216; x_wconf 88' lang='lat' dir='ltr'>summorum</span> <span class='ocrx_word' id='word_1_171' title='bbox 1307 3130 1547 3223; x_wconf 62' lang='lat' dir='ltr'>Pontificumt</span> 
     </span>
     <span class='ocr_line' id='line_1_27' title="bbox 299 3210 1548 3333; baseline 0.005 -26"><span class='ocrx_word' id='word_1_172' title='bbox 299 3210 434 3273; x_wconf 69' lang='lat' dir='ltr'>⁸¹⁰f⁰³¹¹⁰</span> <span class='ocrx_word' id='word_1_173' title='bbox 607 3245 667 3333; x_wconf 88' lang='lat' dir='ltr'>qui</span> <span class='ocrx_word' id='word_1_174' title='bbox 708 3245 871 3316; x_wconf 87' lang='lat' dir='ltr'>omnium</span> <span class='ocrx_word' id='word_1_175' title='bbox 906 3234 1187 3314; x_wconf 83' lang='lat' dir='ltr'>Chrillianorum</span> <span class='ocrx_word' id='word_1_176' title='bbox 1218 3236 1335 3315; x_wconf 82' lang='lat' dir='ltr'>Patres</span> <span class='ocrx_word' id='word_1_177' title='bbox 1366 3235 1474 3320; x_wconf 82' lang='lat' dir='ltr'>lunt.</span> <span class='ocrx_word' id='word_1_178' title='bbox 1507 3236 1548 3313; x_wconf 83' lang='lat'>&amp;</span> 
     </span>
    </p>
   </div>
   <div class='ocr_carea' id='block_1_6' title="bbox 297 3306 1547 3434">
    <p class='ocr_par' dir='ltr' id='par_1_8' title="bbox 297 3306 1547 3434">
     <span class='ocr_line' id='line_1_28' title="bbox 297 3306 1547 3434; baseline -0.005 -22"><span class='ocrx_word' id='word_1_179' title='bbox 297 3306 464 3425; x_wconf 49' lang='grc' dir='ltr'>ηεῖἷᾞηῖἷξῃ</span> <span class='ocrx_word' id='word_1_180' title='bbox 502 3337 677 3432; x_wconf 75' lang='lat' dir='ltr'>ningistri,</span> <span class='ocrx_word' id='word_1_181' title='bbox 693 3338 901 3434; x_wconf 77' lang='lat' dir='ltr'>Responsio,</span> <span class='ocrx_word' id='word_1_182' title='bbox 916 3339 1043 3414; x_wconf 84' lang='lat' dir='ltr'>scilieet</span> <span class='ocrx_word' id='word_1_183' title='bbox 1065 3337 1327 3418; x_wconf 74' lang='lat' dir='ltr'>Alexanntm.</span> <span class='ocrx_word' id='word_1_184' title='bbox 1353 3358 1386 3411; x_wconf 74' lang='lat' dir='ltr'>c·</span> <span class='ocrx_word' id='word_1_185' title='bbox 1402 3330 1547 3422; x_wconf 69' lang='lat' dir='ltr'>Verum,</span> 
     </span>
    </p>
   </div>
   <div class='ocr_carea' id='block_1_7' title="bbox 295 3432 1548 4514">
    <p class='ocr_par' dir='ltr' id='par_1_9' title="bbox 295 3432 1548 3738">
     <span class='ocr_line' id='line_1_29' title="bbox 295 3432 1548 3533; baseline 0.014 -38"><span class='ocrx_word' id='word_1_186' title='bbox 295 3437 475 3527; x_wconf 68' lang='lat' dir='ltr'>consomma-</span> <span class='ocrx_word' id='word_1_187' title='bbox 502 3432 583 3511; x_wconf 82' lang='lat' dir='ltr'>Ext.</span> <span class='ocrx_word' id='word_1_188' title='bbox 625 3443 679 3505; x_wconf 83' lang='lat' dir='ltr'>De</span> <span class='ocrx_word' id='word_1_189' title='bbox 705 3436 917 3524; x_wconf 72' lang='lat' dir='ltr'>conversione</span> <span class='ocrx_word' id='word_1_190' title='bbox 944 3436 1223 3528; x_wconf 65' lang='lat' dir='ltr'>conjugumve,</span> <span class='ocrx_word' id='word_1_191' title='bbox 1255 3438 1316 3513; x_wconf 87' lang='lat' dir='ltr'>ubi</span> <span class='ocrx_word' id='word_1_192' title='bbox 1343 3438 1548 3533; x_wconf 82' lang='lat' dir='ltr'>conjugum</span> 
     </span>
     <span class='ocr_line' id='line_1_30' title="bbox 295 3514 1548 3633; baseline 0.002 -26"><span class='ocrx_word' id='word_1_193' title='bbox 295 3532 358 3597; x_wconf 65' lang='lat'>‘¹¹²⁹</span> <span class='ocrx_word' id='word_1_194' title='bbox 371 3514 464 3578; x_wconf 51' lang='grc' dir='ltr'>Μ·</span> <span class='ocrx_word' id='word_1_195' title='bbox 499 3536 597 3610; x_wconf 83' lang='lat' dir='ltr'>alteri</span> <span class='ocrx_word' id='word_1_196' title='bbox 612 3537 747 3613; x_wconf 85' lang='lat' dir='ltr'>licitum</span> <span class='ocrx_word' id='word_1_197' title='bbox 768 3533 834 3611; x_wconf 81' lang='lat' dir='ltr'>elle</span> <span class='ocrx_word' id='word_1_198' title='bbox 849 3537 978 3621; x_wconf 85' lang='lat' dir='ltr'>docet,</span> <span class='ocrx_word' id='word_1_199' title='bbox 998 3571 1020 3626; x_wconf 86' lang='lat'>,·,</span> <span class='ocrx_word' id='word_1_200' title='bbox 1034 3590 1055 3625; x_wconf 88' lang='lat'>‚,</span> <span class='ocrx_word' id='word_1_201' title='bbox 1082 3535 1195 3611; x_wconf 83' lang='lat' dir='ltr'>altero</span> <span class='ocrx_word' id='word_1_202' title='bbox 1216 3538 1321 3612; x_wconf 82' lang='lat' dir='ltr'>etium</span> <span class='ocrx_word' id='word_1_203' title='bbox 1342 3557 1548 3633; x_wconf 84' lang='lat' dir='ltr'>repugnan-</span> 
     </span>
     <span class='ocr_line' id='line_1_31' title="bbox 498 3633 1545 3738; baseline 0.002 -28"><span class='ocrx_word' id='word_1_204' title='bbox 498 3652 556 3729; x_wconf 79' lang='lat' dir='ltr'>te,</span> <span class='ocrx_word' id='word_1_205' title='bbox 579 3635 707 3733; x_wconf 84' lang='lat' dir='ltr'>eligere</span> <span class='ocrx_word' id='word_1_206' title='bbox 722 3635 970 3712; x_wconf 80' lang='lat' dir='ltr'>monasterium</span> <span class='ocrx_word' id='word_1_207' title='bbox 984 3643 997 3722; x_wconf 93' lang='lat'>(</span> <span class='ocrx_word' id='word_1_208' title='bbox 1011 3634 1099 3712; x_wconf 88' lang='lat' dir='ltr'>licut</span> <span class='ocrx_word' id='word_1_209' title='bbox 1116 3633 1230 3738; x_wconf 74' lang='lat' dir='ltr'>Sansli</span> <span class='ocrx_word' id='word_1_210' title='bbox 1251 3639 1395 3732; x_wconf 84' lang='lat' dir='ltr'>quidam</span> <span class='ocrx_word' id='word_1_211' title='bbox 1413 3639 1458 3713; x_wconf 87' lang='lat' dir='ltr'>de</span> <span class='ocrx_word' id='word_1_212' title='bbox 1476 3650 1545 3712; x_wconf 56' lang='lat' dir='ltr'>nu*</span> 
     </span>
    </p>

    <p class='ocr_par' dir='ltr' id='par_1_10' title="bbox 498 3733 1543 3843">
     <span class='ocr_line' id='line_1_32' title="bbox 498 3733 1543 3843; baseline -0.001 -31"><span class='ocrx_word' id='word_1_213' title='bbox 498 3734 580 3834; x_wconf 76' lang='lat' dir='ltr'>ptiis</span> <span class='ocrx_word' id='word_1_214' title='bbox 603 3740 719 3811; x_wconf 85' lang='lat' dir='ltr'>vocati</span> <span class='ocrx_word' id='word_1_215' title='bbox 740 3735 912 3819; x_wconf 78' lang='lat' dir='ltr'>fuerunt)</span> <span class='ocrx_word' id='word_1_216' title='bbox 940 3733 1142 3812; x_wconf 88' lang='lat' dir='ltr'>dummodo</span> <span class='ocrx_word' id='word_1_217' title='bbox 1168 3737 1312 3843; x_wconf 76' lang='lat' dir='ltr'>carnalis</span> <span class='ocrx_word' id='word_1_218' title='bbox 1335 3737 1543 3812; x_wconf 80' lang='lat' dir='ltr'>commistio</span> 
     </span>
    </p>

    <p class='ocr_par' dir='ltr' id='par_1_11' title="bbox 394 3833 1544 4030">
     <span class='ocr_line' id='line_1_33' title="bbox 394 3833 1544 3930; baseline -0.001 -17"><span class='ocrx_word' id='word_1_219' title='bbox 394 3902 398 3913; x_wconf 90' lang='grc'><em>,</em></span> <span class='ocrx_word' id='word_1_220' title='bbox 496 3861 573 3911; x_wconf 93' lang='lat' dir='ltr'>non</span> <span class='ocrx_word' id='word_1_221' title='bbox 597 3838 827 3911; x_wconf 85' lang='lat' dir='ltr'>intervenerit</span> <span class='ocrx_word' id='word_1_222' title='bbox 848 3840 940 3911; x_wconf 87' lang='lat' dir='ltr'>inter</span> <span class='ocrx_word' id='word_1_223' title='bbox 958 3859 1043 3928; x_wconf 89' lang='lat' dir='ltr'>eos;</span> <span class='ocrx_word' id='word_1_224' title='bbox 1067 3839 1104 3910; x_wconf 72' lang='grc' dir='ltr'>δι</span> <span class='ocrx_word' id='word_1_225' title='bbox 1138 3836 1236 3912; x_wconf 87' lang='lat' dir='ltr'>alteri</span> <span class='ocrx_word' id='word_1_226' title='bbox 1260 3838 1456 3912; x_wconf 80' lang='lat' dir='ltr'>remanenti</span> <span class='ocrx_word' id='word_1_227' title='bbox 1483 3840 1503 3930; x_wconf 93' lang='lat'>(</span> <span class='ocrx_word' id='word_1_228' title='bbox 1515 3833 1544 3912; x_wconf 82' lang='lat' dir='ltr'>st</span> 
     </span>
     <span class='ocr_line' id='line_1_34' title="bbox 495 3933 1543 4030; baseline 0.003 -20"><span class='ocrx_word' id='word_1_229' title='bbox 495 3943 742 4013; x_wconf 88' lang='lat' dir='ltr'>commonitus</span> <span class='ocrx_word' id='word_1_230' title='bbox 764 3937 1021 4013; x_wconf 81' lang='lat' dir='ltr'>continentiam</span> <span class='ocrx_word' id='word_1_231' title='bbox 1041 3934 1173 4013; x_wconf 82' lang='lat' dir='ltr'>servare</span> <span class='ocrx_word' id='word_1_232' title='bbox 1194 3933 1378 4030; x_wconf 82' lang='lat' dir='ltr'>noluerit)</span> <span class='ocrx_word' id='word_1_233' title='bbox 1401 3936 1543 4013; x_wconf 83' lang='lat' dir='ltr'>licitum</span> 
     </span>
    </p>

    <p class='ocr_par' dir='ltr' id='par_1_12' title="bbox 490 4032 1544 4228">
     <span class='ocr_line' id='line_1_35' title="bbox 493 4032 1543 4123; baseline -0.004 -13"><span class='ocrx_word' id='word_1_234' title='bbox 493 4032 562 4110; x_wconf 85' lang='lat' dir='ltr'>effe</span> <span class='ocrx_word' id='word_1_235' title='bbox 585 4041 628 4111; x_wconf 86' lang='lat' dir='ltr'>od</span> <span class='ocrx_word' id='word_1_236' title='bbox 656 4037 807 4114; x_wconf 79' lang='lat' dir='ltr'>secunde</span> <span class='ocrx_word' id='word_1_237' title='bbox 832 4056 916 4113; x_wconf 82' lang='lat' dir='ltr'>vota</span> <span class='ocrx_word' id='word_1_238' title='bbox 941 4033 1106 4122; x_wconf 85' lang='lat' dir='ltr'>tranfire,</span> <span class='ocrx_word' id='word_1_239' title='bbox 1128 4037 1194 4122; x_wconf 79' lang='lat' dir='ltr'>(iu</span> <span class='ocrx_word' id='word_1_240' title='bbox 1209 4035 1280 4123; x_wconf 80' lang='lat' dir='ltr'>eli,</span> <span class='ocrx_word' id='word_1_241' title='bbox 1303 4060 1424 4105; x_wconf 74' lang='lat' dir='ltr'>nonam</span> <span class='ocrx_word' id='word_1_242' title='bbox 1453 4038 1543 4107; x_wconf 82' lang='lat' dir='ltr'>inire</span> 
     </span>
     <span class='ocr_line' id='line_1_36' title="bbox 490 4133 1544 4228; baseline 0.007 -24"><span class='ocrx_word' id='word_1_243' title='bbox 490 4141 737 4205; x_wconf 73' lang='lat' dir='ltr'>ntatrimnnr&#39;um</span> <span class='ocrx_word' id='word_1_244' title='bbox 757 4135 772 4222; x_wconf 76' lang='lat' dir='ltr'>l</span> <span class='ocrx_word' id='word_1_245' title='bbox 800 4135 894 4228; x_wconf 84' lang='lat' dir='ltr'>Quia</span> <span class='ocrx_word' id='word_1_246' title='bbox 921 4159 1005 4213; x_wconf 88' lang='lat' dir='ltr'>cum</span> <span class='ocrx_word' id='word_1_247' title='bbox 1019 4160 1092 4211; x_wconf 92' lang='lat' dir='ltr'>non</span> <span class='ocrx_word' id='word_1_248' title='bbox 1103 4133 1243 4213; x_wconf 82' lang='lat' dir='ltr'>luissent</span> <span class='ocrx_word' id='word_1_249' title='bbox 1256 4160 1323 4213; x_wconf 81' lang='lat' dir='ltr'>una</span> <span class='ocrx_word' id='word_1_250' title='bbox 1338 4159 1424 4213; x_wconf 80' lang='lat' dir='ltr'>caro</span> <span class='ocrx_word' id='word_1_251' title='bbox 1439 4133 1544 4212; x_wconf 79' lang='lat' dir='ltr'>fimul</span> 
     </span>
    </p>

    <p class='ocr_par' dir='ltr' id='par_1_13' title="bbox 489 4234 1539 4332">
     <span class='ocr_line' id='line_1_37' title="bbox 489 4234 1539 4332; baseline 0 -23"><span class='ocrx_word' id='word_1_252' title='bbox 489 4234 622 4320; x_wconf 73' lang='lat' dir='ltr'>offelli,</span> <span class='ocrx_word' id='word_1_253' title='bbox 642 4237 718 4312; x_wconf 83' lang='lat' dir='ltr'>satis</span> <span class='ocrx_word' id='word_1_254' title='bbox 746 4237 861 4332; x_wconf 81' lang='lat' dir='ltr'>potest</span> <span class='ocrx_word' id='word_1_255' title='bbox 880 4258 971 4313; x_wconf 86' lang='lat' dir='ltr'>unns</span> <span class='ocrx_word' id='word_1_256' title='bbox 992 4234 1035 4310; x_wconf 82' lang='lat' dir='ltr'>ad</span> <span class='ocrx_word' id='word_1_257' title='bbox 1057 4234 1175 4313; x_wconf 87' lang='lat' dir='ltr'>Deum</span> <span class='ocrx_word' id='word_1_258' title='bbox 1203 4235 1372 4323; x_wconf 83' lang='lat' dir='ltr'>transire,</span> <span class='ocrx_word' id='word_1_259' title='bbox 1395 4236 1434 4310; x_wconf 76' lang='lat' dir='ltr'>tie</span> <span class='ocrx_word' id='word_1_260' title='bbox 1449 4236 1539 4311; x_wconf 86' lang='lat' dir='ltr'>alter</span> 
     </span>
    </p>

    <p class='ocr_par' dir='ltr' id='par_1_14' title="bbox 485 4333 1539 4435">
     <span class='ocr_line' id='line_1_38' title="bbox 485 4333 1539 4435; baseline -0.002 -23"><span class='ocrx_word' id='word_1_261' title='bbox 485 4336 524 4412; x_wconf 82' lang='lat' dir='ltr'>ie</span> <span class='ocrx_word' id='word_1_262' title='bbox 541 4335 657 4417; x_wconf 82' lang='lat' dir='ltr'>seculo</span> <span class='ocrx_word' id='word_1_263' title='bbox 671 4359 851 4418; x_wconf 76' lang='lat' dir='ltr'>remunero</span> <span class='ocrx_word' id='word_1_264' title='bbox 870 4381 894 4433; x_wconf 61' lang='lat'>2,</span> <span class='ocrx_word' id='word_1_265' title='bbox 905 4365 940 4435; x_wconf 63' lang='grc' dir='ltr'>,ι</span> <span class='ocrx_word' id='word_1_266' title='bbox 966 4333 1059 4431; x_wconf 82' lang='lat' dir='ltr'>Quae</span> <span class='ocrx_word' id='word_1_267' title='bbox 1074 4340 1372 4419; x_wconf 75' lang='lat' dir='ltr'>circumferuntur</span> <span class='ocrx_word' id='word_1_268' title='bbox 1387 4333 1539 4412; x_wconf 57' lang='lat' dir='ltr'>sannas</span> 
     </span>
    </p>

    <p class='ocr_par' dir='ltr' id='par_1_15' title="bbox 1403 4455 1488 4514">
     <span class='ocr_line' id='line_1_39' title="bbox 1403 4455 1488 4514; baseline 0.024 -2"><span class='ocrx_word' id='word_1_269' title='bbox 1403 4455 1488 4514; x_wconf 76' lang='lat' dir='ltr'>rum</span> 
     </span>
    </p>
   </div>
   <div class='ocr_carea' id='block_1_8' title="bbox 0 0 1854 5425">
    <p class='ocr_par' dir='ltr' id='par_1_16' title="bbox 0 0 1854 5425">
     <span class='ocr_line' id='line_1_40' title="bbox 0 0 1854 5425; baseline 0 10"><span class='ocrx_word' id='word_1_270' title='bbox 0 0 1854 5425; x_wconf 95' lang='lat' dir='ltr'> </span> 
     </span>
    </p>
   </div>
  </div>
 </body>
</html>
