3700 5425
472 512 562 612 554'
649 498 805 595 Theos.
834 502 950 614 Dog.
974 502 1015 597 δι
1036 493 1186 595 noret
1214 497 1398 597 Linon

310 708 318 731 2
469 670 550 744 eben
565 669 715 765 perplexi
729 666 818 756 surr,
852 668 1125 766 Perpsenitatem
1147 671 1242 754 eninr
1259 669 1354 748 issam
1377 694 1424 747 ex
1442 670 1521 753 dia.

468 769 545 847 boli
569 770 666 855 masis
688 773 819 851 artibus
846 774 930 846 oriri
954 772 1089 854 docete
1118 825 1183 862 „‚„
1204 770 1300 867 Quia
1321 774 1519 869 suggestio·

467 892 558 951 num
589 870 678 946 illius
701 889 907 966 argumenta
931 871 1116 968 implicatis
1136 874 1288 950 inventis
1312 869 1521 967 iitigantors

468 985 512 1054 ut
532 971 718 1069 plerosque
735 974 782 1045 ita
804 971 1114 1065 peccaresaciaot»
1132 987 1305 1066 quatenns
1328 970 1518 1057 srtortasse

466 1070 593 1167 sugere
624 1087 809 1166 peccatum
833 1084 1002 1167 appetant
1021 1127 1031 1156 ,
1050 1077 1123 1146 hoc
1145 1071 1214 1146 stne
1236 1070 1356 1168 aliquo
1376 1074 1516 1166 peccati

467 1165 599 1267 laqueo
629 1190 705 1245 non
733 1169 910 1256 evadant,
936 1171 973 1261 δι,
1006 1171 1148 1269 cuipam
1171 1169 1327 1254 saciant,
1352 1172 1438 1257 dom
1464 1179 1518 1249 ri-

468 1276 565 1355 tane,
584 1289 626 1345 ac
646 1291 869 1372 nequaquam
890 1268 922 1344 se
942 1274 986 1345 ab
1007 1293 1077 1354 una
1107 1271 1245 1346 valeant
1267 1269 1421 1354 soluere,
1450 1271 1517 1355 nist

454 1370 505 1459 ¹in
525 1368 589 1445 asia
610 1368 831 1446 consentiant
855 1371 887 1444 se
912 1369 1010 1468 sigeri
1032 1378 1100 1463 „,‚;
1140 1366 1254 1464 Quod
1284 1368 1423 1449 diverse
1446 1395 1517 1447 ex·

466 1468 594 1565 empsit
618 1471 728 1562 aoinii
759 1471 942 1559 contrariis
959 1466 1205 1566 'opinionibiis
1231 1471 1379 1564 agitati,
1406 1471 1444 1549 δι
1475 1476 1515 1560 in

465 1583 657 1664 utramque
674 1586 809 1664 partem
822 1568 960 1667 impulsi
977 1572 1126 1665 probat:
1147 1625 1203 1667 „·‚,
1236 1569 1326 1663 sicce
1343 1569 1513 1666 quidam·

467 1670 600 1761 inquit,
622 1669 709 1743 dum
728 1668 970 1766 muodihujus
994 1672 1163 1754 amicitias
1184 1671 1340 1765 appetit,
1368 1670 1515 1759 cuilibet

465 1768 567 1859 eisteti
587 1767 735 1856 similem
755 1767 815 1845 sebi
837 1774 944 1846 vitam
967 1764 1132 1853 ducenti,
1158 1771 1258 1864 quod
1275 1768 1402 1844 secreta
1418 1769 1514 1850 issiurt

466 1871 570 1944 omni
596 1865 734 1955 stitutio
756 1883 954 1967 contegat,
979 1869 1012 1949 se
1034 1869 1262 1964 jurejurando
1287 1870 1514 1967 constringite

465 1966 537 2053 ¹Sed
559 1971 588 2042 ir
602 2015 614 2051 ,
630 1972 687 2045 cui
707 1969 862 2065 iuratum
891 1969 964 2063 est,
984 1967 1199 2061 adulterium,
1223 1985 1424 2064 perpetrare
1444 1992 1511 2047 coa

462 2066 675 2165 gooscitu13
702 2077 747 2143 ita
775 2084 815 2155 ut
842 2074 947 2157 etiam
973 2071 1142 2161 maritum
1164 2068 1319 2155 adultera
1342 2067 1509 2159 occidere

389 2261 391 2266 Ι
463 2184 643 2260 conetur3
671 2172 699 2244 is
730 2187 876 2252 autem,
900 2169 963 2264 qui
990 2166 1236 2268 iusiurandum
1263 2170 1433 2266 praebuit,
1457 2168 1507 2247 ad

461 2285 624 2360 mentem
646 2273 859 2354 revertitur,
878 2269 914 2353 te
936 2267 1077 2343 diversis
1098 2265 1184 2343 hinc
1206 2266 1288 2342 inde
1313 2271 1510 2366 cogitatio·

460 2371 567 2452 nibus
598 2373 855 2463 impugnatur,
880 2384 988 2466 atque
1018 2366 1092 2445 hoc
1120 2365 1431 2452 intercinentium,
1461 2392 1510 2452 nn

461 2466 602 2562 silentio
621 2468 781 2546 adulterii
808 2466 932 2559 fimus,
954 2470 990 2541 δι
1018 2466 1201 2545 homicidii
1227 2469 1400 2563 particeps
1421 2465 1505 2555 fiat.

321 2600 323 2605 ·
460 2569 501 2642 de
523 2566 675 2660 prodere
699 2568 873 2674 trepidat,
892 2590 937 2658 ne
957 2579 1057 2659 reatu
1076 2565 1109 2641 se
1131 2568 1272 2682 perjurii
1296 2568 1510 2665 obstringat.

460 2662 642 2765 Perplexir
666 2690 755 2763 ergo
782 2667 1028 2756 testiculorum
1047 2689 1162 2743 nervis
1182 2667 1308 2766 ligatus
1328 2665 1400 2758 esi,
1420 2661 1506 2763 qnia

458 2770 497 2845 in
519 2768 713 2862 quamlibet
734 2786 871 2881 partem
893 2769 1071 2859 declinet.
1096 2770 1251 2850 metuit,
1279 2792 1324 2842 ne
1346 2790 1366 2842 a
1396 2767 1509 2844 trans·

456 2864 641 2964 greffionis
661 2872 879 2962 contagione
897 2868 984 2953 siber
1007 2866 1198 2955 nonsit..
1233 2865 1330 2950 Alius
1351 2870 1504 2955 cunda.-

458 2990 540 3077 quat
553 2970 679 3042 mundi
695 2967 792 3053 sunt.
810 2969 989 3053 deserens,
1005 2984 1113 3067 atque
1128 2989 1191 3063 per
1207 2970 1328 3052 omnia
1340 2966 1505 3063 frangero

456 3070 618 3164 proprias
640 3066 839 3158 voluntates
861 3090 1021 3168 quaerens
1043 3068 1192 3151 ,alieno
1222 3066 1254 3140 se
1277 3068 1422 3143 subdere
1447 3092 1503 3147 re·

454 3171 583 3264 gimini
598 3170 754 3269 appetit;
774 3167 831 3243 sed
845 3190 926 3247 eum
940 3222 950 3253 ‚
966 3170 1025 3271 qui
1040 3165 1099 3242 fibi
1114 3165 1254 3256 praeesse
1265 3168 1360 3261 apud
1377 3165 1504 3248 Deum

454 3270 602 3352 debeat.
621 3271 738 3353 minua
757 3282 857 3343 cauta
885 3265 1113 3363 inquisitione
1136 3265 1324 3353 discernit;
1348 3272 1405 3342 cui
1423 3268 1504 3347 for,

454 3364 539 3445 tasse
559 3370 609 3444 is,
628 3371 689 3464 qui
711 3364 781 3441 sine
803 3368 939 3462 iudicio
967 3367 1129 3462 cligitur,
1156 3389 1239 3441 cum
1266 3363 1403 3463 praeesse
1423 3368 1506 3459 iant

453 3468 629 3563 coeperit,
643 3489 747 3562 agere
758 3522 768 3553 ,
781 3486 861 3563 quc
876 3462 947 3542 Dei
960 3465 1059 3557 sunt,
1077 3464 1358 3564 prohibetpquae
1371 3471 1502 3548 mundi

450 3567 557 3657 sunt,
584 3566 693 3659 iubet·
731 3563 880 3643 Pensans
909 3572 1029 3663 itaque
1059 3565 1239 3658 subditur,
1268 3567 1323 3642 res
1353 3589 1432 3662 quae
1457 3566 1500 3647 stt

448 3666 556 3762 culpa
588 3666 862 3754 inobedientiae,
885 3664 939 3741 ves
968 3664 1068 3764 quod
1100 3668 1312 3761 contagioni
1336 3666 1505 3750 secularis,

449 3769 556 3850 rito,
576 3766 612 3839 &
632 3768 776 3848 obedire
800 3767 971 3864 trepidat,
988 3767 1024 3840 dt
1042 3788 1120 3856 non
1137 3766 1282 3842 obedire
1299 3764 1497 3853 formidat,

449 3887 497 3947 ne
519 3865 902 3954 antobedienrDeune
920 3864 1039 3941 insuit
1060 3869 1243 3962 praeceptis
1267 3863 1502 3952 deserat,aut·

446 3964 564 4041 rursus
587 3988 662 4041 nnn
685 3968 881 4053 obediens,
907 3963 1033 4050 Deum
1060 3968 1096 4041 io
1121 3964 1232 4054 eletio
1256 3965 1374 4040 Priore
1402 3988 1499 4039 con·

446 4080 594 4144 temnat·
607 4123 615 4141 .
629 4115 645 4157 ο,
667 4064 925 4161 dementare
950 4065 1091 4162 pondus
1110 4062 1258 4139 honoris
1277 4062 1502 4155 ecclesiastici

447 4166 712 4261 negligenmd
731 4165 856 4255 socom
868 4168 1048 4261 regiminis
1064 4168 1212 4259 praenriis
1229 4163 1390 4247 ascendit.
1421 4164 1495 4241 Sed

446 4272 528 4380 quia
549 4285 680 4359 omne,
706 4267 809 4368 quod
833 4266 891 4339 hic
909 4267 1064 4348 corinet,
1088 4264 1167 4357 plot
1187 4269 1404 4366 moeroribus
1416 4262 1495 4342 affi-

445 4387 560 4449 orror,
584 4389 691 4455 quem
720 4364 918 4454 honoribus
949 4364 1106 4458 gaudet»
1128 4364 1215 4439 dutn
1251 4386 1315 4440 cor
1347 4367 1498 4442 tribula.

445 4466 601 4561 tionibus
625 4468 796 4578 pecipitur
814 4519 834 4565 .‚
848 4465 898 4558 ad
915 4466 1126 4557 mensorium
1151 4463 1255 4570 culpa
1271 4480 1462 4647 τενάοειεωῐ
1479 4519 1500 4554 λ

1349 4585 1370 4641 si
1385 4580 1437 4639 et·
