3700 5425
439 552 508 641 Da
537 543 805 640 Sacramenta
831 544 1107 635 Matrimonii·
1226 533 1325 642 ,odi

555 718 644 797 us
671 720 706 797 o
733 718 770 796 u
794 715 826 795 L
861 713 890 793 ι
940 668 1021 794 rx'.

277 864 502 967 ddulterium
530 901 613 954 cum
641 876 712 952 fide
737 877 816 952 data
839 870 884 950 de
919 869 1167 951 contrahendo
1195 870 1317 952 malti·

326 984 454 1058 monio
476 1003 560 1053 cum
576 975 823 1054 adultera,rel
848 973 1033 1058 adultero,
1063 973 1249 1072 postquam
1265 977 1315 1052 al.

325 1101 378 1158 rer
405 1081 545 1171 conjux
573 1079 701 1172 obierit
722 1075 798 1162 ,est
830 1074 1127 1170 impedimentum
1150 1072 1315 1159 dirimerit

330 1183 598 1257 matrimonium
628 1181 717 1250 inter
739 1181 853 1276 virum
875 1230 886 1263 ,
910 1175 946 1249 ἃ
968 1173 1151 1251 mulierem
1182 1175 1318 1257 adulte.

325 1304 398 1358 ram
425 1279 545 1376 postea
569 1275 804 1352 contraitum·

372 1459 422 1512 aec
435 1433 573 1531 Regula
596 1437 718 1510 nititur
733 1457 810 1530 cap
800 1428 1027 1526 propostam
1047 1468 1050 1477 v
1043 1431 1197 1524 ,&.cap
1214 1437 1315 1525 Super

266 1605 275 1618 .,
386 1541 443 1606 stoc
460 1533 932 1631 ,qoaesuntAlexmlrillL
959 1533 1146 1629 responsa,
1095 1531 1242 1610 s.ssxt
1259 1539 1313 1606 De

256 1662 335 1724 so,
351 1661 406 1730 qm
401 1638 520 1706 duxit
541 1657 576 1701 m
592 1635 836 1705 matrimonium
850 1657 967 1728 ,quam
978 1635 1093 1724 polinic
1106 1652 1166 1727 per
1185 1637 1311 1705 adulter·

275 1743 364 1808 rium
380 1736 529 1829 ὀδιειιρ
548 1730 878 1830 dignificalii,quod
897 1726 945 1811 est
960 1737 1144 1805 innocentii
1158 1736 1225 1808 III,
1258 1758 1314 1811 re

274 1837 313 1933 sp
316 1833 513 1911 onsumsub
533 1834 614 1908 eod
630 1839 715 1925 tit„
727 1829 1096 1929 „Cum(mqait)P
1111 1837 1196 1912 siais
1218 1832 1311 1932 Spu·-

275 1936 411 2011 seranus
431 1935 621 2033 quamdam
643 1940 825 2011 mulierem
839 1932 989 2012 duxisset
1005 1935 1313 2028 legitimeinuuoa

276 2050 372 2120 rem,
392 2057 430 2108 ea
457 2033 600 2119 relitia,
627 2035 765 2109 cuidam
784 2038 956 2110 meretrici
981 2033 1133 2110 adhaesit
1173 2033 1311 2112 Verum
1381 2127 1383 2132 Ι

215 2187 217 2191 ψ
275 2158 360 2212 cum
375 2156 467 2210 uxor
485 2132 591 2227 ipsius
614 2132 696 2208 esset
715 2136 805 2209 uiam
818 2132 983 2210 urilversae
1006 2136 1118 2210 carnis
1139 2133 1309 2231 ingressa,

276 2238 527 2317 meretricem,
540 2256 596 2308 cur
589 2234 819 2316 adhaeserat
842 2233 1073 2332 desponsavit
1098 2232 1213 2309 Nos
1204 2237 1313 2330 igitur

245 2401 246 2404 ι
276 2333 491 2428 inquisitioni
518 2348 586 2408 tuae
604 2333 716 2408 taliter
734 2332 1006 2428 respondemus,
1027 2325 1127 2431 quod
1143 2330 1205 2409 nid
1225 2326 1312 2410 alse'r

277 2457 401 2510 eorum
425 2436 461 2506 in
486 2450 641 2507 mortem
665 2438 787 2509 uxoris
814 2433 985 2510 defuneto
1004 2432 1109 2512 fuerit
1136 2433 1316 2509 machina⁴

278 2548 354 2610 tus
377 2532 434 2607 vel
450 2556 488 2606 ea
517 2535 657 2606 virente
687 2532 747 2608 fibi
776 2532 882 2608 fidem
901 2534 1038 2611 dederit
1058 2530 1103 2609 de
1132 2536 1317 2608 martimo

278 2638 340 2732 pio
364 2629 632 2726 contrahendo,
658 2631 857 2729 legitimum
881 2633 1016 2729 judices
1044 2635 1315 2710 matrimonium

276 2714 587 2827 supradieiumw
589 2731 725 2808 Idem
745 2735 882 2810 constat
897 2756 944 2809 ex
973 2732 1062 2820 Can.
1079 2733 1233 2804 Relatum
1248 2732 1315 2823 ιιι,

277 2834 376 2911 causa
414 2849 473 2923 31.
501 2855 559 2927 qu.
604 2854 634 2901 ι.
672 2837 733 2928 qui
774 2833 925 2909 Consilii
968 2831 1180 2909 Tribuncos
1171 2858 1198 2908 s
1241 2834 1314 2911 est.

279 2975 337 3024 ‚„,
364 2931 526 3019 Relatum
562 2931 610 3004 esi
642 2936 784 3008 auribus
825 2931 1022 3007 sandorum
1053 2933 1315 3013 Sacerdotum·

282 3033 473 3123 quemdam
495 3032 632 3107 alterius
657 3055 809 3106 uxorem
828 3033 949 3125 stupro
970 3030 1136 3117 violasse,
1165 3033 1199 3106 ιι
1226 3035 1318 3109 inid·-

280 3155 343 3229 per
370 3129 521 3203 rnoerlrae
551 3134 692 3205 vivente
729 3136 806 3205 siro
825 3135 1060 3220 {stramentum
1095 3129 1222 3206 dedisse
1246 3187 1255 3216 ,
1279 3147 1320 3209 ut

281 3232 361 3326 post
380 3229 528 3321 legitimi
551 3234 662 3304 mariti
690 3248 865 3305 mortem.
888 3229 1163 3322 silupervnrill'ee
1182 3287 1191 3311 ,
1211 3230 1321 3305 duce·

280 3349 334 3404 ret
364 3352 513 3403 uxorem
528 3348 539 3416 ;
554 3332 653 3425 quod
681 3331 717 3404 du
741 3331 868 3405 filliam
884 3333 945 3408 esi.
972 3328 1059 3404 Tale
1076 3354 1163 3425 ergo
1180 3348 1323 3405 connu-

281 3430 380 3502 bium
407 3432 671 3521 probibemus,
687 3433 722 3502 ιιι
747 3431 1090 3504 anathematizamus.
1120 3428 1206 3504 Non
1239 3428 1322 3507 lices

282 3551 395 3623 ergo,
419 3551 484 3602 nec
508 3528 699 3602 christiana
719 3532 881 3626 religioni
905 3545 1053 3623 oportet
1072 3578 1084 3613 ,
1103 3544 1143 3605 ut
1170 3528 1258 3605 ullus
1280 3547 1322 3609 ea
1439 3584 1447 3595 .

280 3646 400 3704 ututur
425 3632 459 3700 in
480 3632 747 3714 matrimonio,
768 3654 851 3705 com
880 3653 948 3727 qua
971 3631 1066 3727 prius
1090 3628 1246 3744 pollutus
1271 3630 1322 3705 est

280 3728 453 3804 adulterio
489 3778 556 3816 „,.
548 3727 701 3819 .Quod
741 3726 978 3825 sipromissro
1012 3728 1058 3804 de
1087 3731 1320 3805 matrimonio

281 3827 529 3901 contrahendo
555 3826 639 3902 satia
660 3846 733 3902 non
758 3828 861 3903 luerit
888 3830 1028 3903 vivente
1055 3835 1171 3923 primo
1189 3831 1317 3922 conju

279 3951 349 4022 ge,
364 3926 418 4000 sed
435 3927 516 4038 post
535 3928 609 4018 ejus
637 3943 791 4001 mortem
814 3985 825 4019 ,
847 3934 1007 4019 quamvis
1024 3928 1272 4003 adulterium
1263 3953 1319 4004 rna

280 4031 467 4116 terrenerit
490 4025 551 4099 illo
575 4026 693 4100 adhuc
717 4027 914 4123 superstite,
929 4027 1065 4104 nullum
1089 4029 1171 4103 inde
1203 4032 1318 4172 oritus

281 4112 575 4217 impedimentum
600 4126 801 4206 diriorem
882 4205 886 4210 ,
987 4197 991 4204 .

334 4220 471 4297 Sufficit
489 4240 606 4299 autem
629 4226 723 4299 nuda
747 4203 956 4321 promissio,
981 4222 1218 4309 antecedens,
1236 4167 1328 4301 corr.¹

282 4332 479 4407 comitans,
495 4341 557 4398 aut
580 4325 792 4441 'subsequens
814 4327 1048 4410 adulterium,
1074 4327 1212 4397 vivente
1235 4348 1326 4399 cona

277 4425 386 4515 juge
375 4447 467 4498 nec
489 4442 698 4530 requiritur
721 4442 762 4500 ut
783 4425 822 4501 fit
847 4441 1049 4515 tutamento
1073 4422 1241 4504 firmata
1266 4423 1325 4497 sed

279 4538 399 4600 tamen
424 4519 560 4599 necesse
584 4523 632 4598 est
653 4565 664 4605 ι
687 4541 726 4602 ιιι
750 4528 793 4603 ab
819 4527 923 4604 altera
948 4537 1047 4622 parte
1070 4525 1221 4600 oriminis
1249 4544 1382 4635 par

1232 4623 1278 4697 li
