3700 5425
436 636 438 641 ,
518 538 589 639 De
615 531 801 633 Peccatis
827 545 872 633 in
885 552 1055 657 genere.
1089 640 1100 663 ·
1231 549 1322 679 ⁶02

266 706 311 791 ad
330 729 478 806 poenam
502 709 625 798 mala,
652 736 733 813 quae
764 714 932 789 eveniunt
956 724 1083 807 ptaetet
1102 705 1177 804 ejut
1198 708 1315 788 inten-

264 817 402 887 tionem
425 864 436 895 .
466 807 575 884 fidet
600 836 748 908 operam
783 815 834 887 rei
859 812 999 888 illicite·
1024 810 1062 885 Si
1086 830 1174 884 vero
1196 830 1312 887 nocu-

263 930 427 987 mentum
447 932 509 1007 per
530 910 562 985 i'e
579 908 743 1009 sequatur
762 934 809 987 ex
828 914 906 988 utiu
934 910 1071 1008 peccati
1095 909 1208 991 ‚lieet
1231 930 1312 989 non

262 1007 305 1085 sit
325 1013 502 1085 intentum
526 1062 536 1096 ‚
564 1033 630 1087 nec
649 1011 833 1109 praevisum
852 1051 864 1090 t
881 1010 1009 1087 diretie
1030 1024 1217 1105 peccatum
1244 1030 1312 1104 ag·

261 1125 387 1206 gravat
408 1132 420 1201 ;
443 1116 525 1204 quia
561 1132 786 1210 quaecunque
823 1133 885 1207 per
914 1109 949 1187 se
970 1115 1237 1205 coniequuntut
1262 1105 1310 1185 ad

240 1275 242 1279 ,
260 1223 475 1304 peccatum,
496 1216 674 1304 pertinent
686 1212 962 1309 quodammodo
985 1210 1029 1287 ad
1047 1214 1154 1307 ipram
1169 1212 1308 1307 peccati

259 1310 422 1406 ipeciem.
446 1305 535 1386 Puta
555 1350 566 1387 2
587 1308 613 1384 st
634 1311 756 1410 aliquit
781 1309 921 1405 publice
944 1309 1139 1386 fornicetur
1160 1359 1171 1387 .
1189 1307 1307 1406 sequi-

262 1425 321 1485 tur
337 1407 538 1485 scandalunt
560 1408 796 1504 plurimorum
810 1435 821 1502 ;
834 1410 935 1509 quod
949 1416 1112 1507 quamtis
1137 1404 1207 1501 ipse
1229 1428 1308 1485 non

262 1508 445 1594 intendat,
469 1531 534 1583 nec
557 1511 649 1587 i'orte
665 1511 875 1609 prevideat,
898 1510 1026 1587 ditetie
1053 1527 1117 1605 pet
1139 1508 1215 1583 hoe
1241 1528 1308 1606 ag·

261 1625 426 1703 gravatur
448 1627 636 1706 peccatum
657 1664 680 1703 ,‚
693 1654 727 1702 ,-,.

313 1704 584 1785 Obiervandum
612 1727 731 1787 tamen
762 1730 847 1795 cum
880 1706 1012 1787 eodem
1035 1706 1199 1809 angelico
1219 1700 1306 1784 Duo·

262 1804 379 1885 dore,
392 1808 492 1902 quod
511 1806 571 1885 etsi
584 1812 731 1909 gravius
749 1823 1012 1887 nocumentum
1028 1824 1197 1907 aggravet
1218 1827 1306 1905 pec·

260 1925 402 1994 catum,
428 1930 506 1983 non
525 1909 679 2006 sequitur
693 1964 703 1997 ,
718 1910 818 2010 quod
831 1906 964 1986 exfolo
988 1923 1212 1987 nocumento
1223 1928 1305 2001 gra·

261 2010 339 2083 uiue
364 2024 550 2102 peccatum
590 2008 721 2085 censeri
751 2009 900 2089 debeant
924 2010 1089 2105 quinimo
1116 2025 1304 2103 peccatum

262 2110 378 2202 petie
399 2111 539 2201 gravius
551 2108 599 2185 est
610 2124 756 2208 propter
766 2109 1080 2186 inordinationem.
1110 2106 1213 2183 Unde
1226 2128 1305 2183 non

258 2206 434 2301 loquitur,
449 2204 743 2287 iinocumentum
754 2210 909 2284 maxime
921 2208 1205 2301 iocumhabetin
1218 2227 1304 2303 pec·

257 2310 478 2382 cariscontra
488 2312 693 2405 proximum
709 2306 809 2409 quod
819 2307 872 2382 iila
884 2304 1164 2406 iintgraviffima.
1177 2304 1304 2383 Moito

259 2408 479 2500 majorenim
498 2410 717 2486 inordinatio
747 2411 925 2484 inuenitur
950 2414 985 2483 in
1007 2416 1159 2505 peccarit
1176 2420 1304 2484 contra

258 2502 404 2591 Deum,
418 2506 455 2582 δι
466 2508 503 2582 in
518 2509 724 2607 quibuidam
735 2529 864 2597 eorum
875 2553 885 2586 ‚
898 2530 977 2603 quae
988 2512 1033 2584 ab
1051 2507 1200 2585 homine
1212 2528 1304 2583 con·-

260 2623 313 2681 tta
327 2606 470 2701 i'eipiiim
489 2616 780 2685 committuntur.
809 2604 1304 2705 Addequod,etfiDe0nul·

257 2706 312 2783 lut
338 2702 441 2802 possit
456 2729 587 2794 nocere
603 2729 777 2808 quantum
796 2706 842 2784 ad
864 2712 940 2803 ejus
966 2708 1212 2802 substantiam
1232 2729 1304 2805 po·

257 2808 453 2881 ttiitameo
474 2829 733 2884 nocumentum
756 2812 929 2883 intentare
954 2809 1096 2890 inhia,
1124 2831 1202 2906 quae
1231 2805 1305 2886 on
1351 2850 1356 2858 ·

257 2907 358 2990 lunt.
387 2905 473 2980 licut
502 2908 714 3004 extirpando
740 2906 860 2982 Fidem
883 2907 954 3004 „dc
977 2909 1145 2985 violando
1167 2911 1305 2992 Sacrae

262 3027 343 3103 quae
367 3009 444 3081 ituit
465 3024 608 3100 peccam
629 3004 837 3105 gravissima.
1014 3097 1019 3104 .
1585 3057 1591 3064 -

311 3106 580 3183 Obiervaudum
606 3107 761 3184 i'ecundo
785 3127 868 3181 cum
885 3102 1015 3182 eodem
1032 3103 1068 3183 S·
1091 3104 1199 3184 Doci·
1222 3130 1300 3206 gra·
1318 3101 1444 3204 donini

258 3207 336 3282 vius
356 3206 593 3284 nihilomiuus
606 3228 754 3307 peccare
771 3206 989 3281 homicidam
1000 3210 1086 3307 ,nui
1100 3215 1207 3285 vitam
1219 3232 1302 3286 cor·
1317 3200 1473 3333 mffl

257 3311 356 3405 poris
375 3313 477 3402 eripit
512 3330 621 3405 quam
643 3309 918 3391 tornicatorem,
946 3309 1008 3404 qui
1028 3307 1166 3385 mulieri
1177 3331 1298 3408 pecce-
1317 3361 1405 3423 qm
1414 3341 1516 3410 sm.¹

259 3430 338 3484 tum
356 3411 497 3500 liudem
513 3413 674 3505 quamvis
699 3406 872 3504 ipiritoaie
886 3425 1149 3486 nocumentum
1164 3411 1204 3487 iit
1220 3431 1299 3507 gra-
1316 3433 1408 3504 came.
1503 3409 1506 3414 '

259 3513 338 3584 vius
364 3513 563 3604 corporali3
583 3510 619 3584 dc
632 3529 730 3584 mort
747 3511 873 3582 animae
896 3510 941 3584 ab
959 3508 1025 3604 iiio
1049 3527 1237 3603 procurata
1259 3507 1302 3587 stt

258 3612 400 3704 gravior
410 3625 526 3683 morte
538 3611 699 3703 corporis
710 3608 754 3683 ab
764 3607 825 3683 iiio
836 3607 939 3684 illata·
960 3607 1065 3686 Ratio
1078 3609 1184 3705 hujus
1197 3632 1302 3686 exce·

256 3712 390 3806 ptionis
402 3706 699 3804 dupiexaffertur.
716 3707 843 3787 Prima,
855 3710 937 3805 quia
954 3705 1136 3788 homicida
1148 3711 1301 3787 intendit
1317 3705 1437 3807 duplex
1458 3721 1505 3790 ru*

256 3811 386 3884 directe
407 3825 667 3888 nocumentum
684 3809 839 3907 proximi
853 3809 1071 3914 3iornicator
1082 3827 1220 3897 autem,
1238 3816 1301 3910 qui
1314 3805 1369 3857 ‘¹⁰-

256 3931 434 4007 provocat
454 3908 664 3995 mulierem,
683 3931 758 3985 noo
773 3910 924 3983 intendit
942 3913 1301 3996 nocumentumfi'ed

256 4010 537 4085 delectationem·
563 4009 743 4095 Secunda,
760 4011 843 4104 quia
864 4007 1045 4087 homicida
1055 4011 1104 4087 eii
1122 4010 1220 4088 causa
1233 4033 1299 4108 per

255 4106 311 4194 se.
327 4111 364 4183 δι
387 4105 558 4186 iufficienr
581 4107 775 4205 corporalis
800 4113 925 4184 mortis
944 4132 956 4201 3
977 4109 1158 4208 spiritualis
1177 4126 1299 4189 autem

256 4213 383 4284 mortie
404 4210 520 4287 nuilus
550 4211 666 4305 potest
678 4205 745 4284 effe
754 4208 852 4284 alteri
872 4208 971 4285 causa
981 4233 1042 4308 per
1062 4210 1094 4286 i'e
1104 4207 1273 4288 sufficient
1283 4233 1299 4308 εΙ

254 4309 357 4404 Qua
373 4310 478 4382 nudus
483 4309 706 4407 spiritualiter
715 4311 880 4399 meritur,
893 4308 952 4402 nist
968 4315 1103 4409 proptia
1124 4315 1298 4385 vuluntate

256 4411 426 4508 peccando.

1146 4593 1319 4709 ΗΝ
