3700 5425
705 251 709 264 .
907 229 927 274 Γ

295 330 299 344 '
416 337 474 436 dn
587 332 742 435 T-he‘ol.
773 335 952 454 Dap&
981 331 1131 434 Morus.
1158 332 1250 433 Lib.
1281 336 1340 440 ΙΙ.
1461 476 1464 490 Ι

420 511 624 614 gmrinrest
640 507 928 611 legnmrriminis
948 506 1082 595 secisse,
1097 531 1205 614 quarn
1230 516 1367 594 lurtum
1389 566 1412 612 ‚,
1425 517 1467 614 ,t

411 611 508 695 *Hoc
529 613 739 712 nilamnion
758 617 893 704 orimen
915 615 950 690 dt
977 615 1080 690 aliam
1103 616 1219 710 palam
1247 614 1405 705 duxissa,
1427 621 1466 697 dt

423 713 506 813 lega
544 735 692 790 romana
714 714 848 791 sacione
877 712 1092 799 defendere,
1116 737 1225 813 quam
1252 718 1466 799 adulterium

422 812 595 894 lrrrtivum
619 809 842 891 commisisse.

343 924 355 938 ’
413 931 415 936 ·
473 912 590 1011 Quod
611 913 720 1014 aliqui
745 911 936 1010 Episcopi,
956 913 1171 1010 privataque
1200 910 1338 1015 Synodl
1356 908 1467 993 senso-

422 1016 495 1093 'rint
513 1029 639 1091 contra
672 1012 912 1110 evangelicam
939 1014 1155 1099 veritatem,
1192 1015 1464 1096 matrimonium

310 1185 318 1192 .
420 1116 473 1192 ob
508 1114 784 1192 fornicationem
810 1108 948 1188 dissolri
979 1108 1077 1206 polla
1101 1118 1222 1211 quoad
1256 1113 1461 1205 vinculum,

419 1213 505 1291 serit
526 1213 727 1312 quaestionis
746 1213 910 1288 nondum
930 1211 1117 1308 eliquatae,
1137 1234 1178 1288 ac
1207 1215 1314 1290 linita
1334 1214 1463 1292 obstu—

246 1290 249 1294 ’
414 1316 569 1391 nenne
596 1337 673 1413 wqun
695 1318 729 1383 a.
744 1309 878 1407 nugari.
909 1311 971 1387 lia·
1004 1316 1060 1383 ue
1079 1313 1184 1400 aare,
1204 1316 1248 1388 o
1277 1314 1458 1406 operatus,

418 1427 578 1513 oap.19·
608 1463 631 1505 ,,
648 1463 671 1505 ,,
706 1411 876 1509 Quisquis
908 1404 1073 1509 (rnquir)
1100 1434 1249 1490 uxorem
1271 1414 1308 1488 ln
1328 1413 1464 1491 adura·

418 1516 475 1591 rio
502 1510 752 1611 deprehensam
770 1510 958 1599 dimiserit,
984 1511 1020 1587 dr
1050 1512 1153 1590 aliam
1186 1513 1360 1599 duxerit.
1384 1534 1462 1592 non

416 1613 559 1691 ridetur
585 1612 777 1710 aequandus
803 1615 881 1688 eis,
909 1615 974 1710 qui
996 1625 1145 1709 excepta
1169 1613 1266 1689 causa
1300 1612 1462 1698 adulterii

417 1711 625 1798 dimittunt,
647 1714 683 1787 dr
701 1713 895 1799 dimum&
917 1735 955 1787 rn
977 1709 1056 1810 ipsis
1079 1712 1205 1789 divinit
1227 1711 1463 1794 sententiuita

419 1812 611 1892 obiturum
633 1812 706 1898 alt,
733 1828 854 1890 utrum
876 1814 912 1887 &
933 1812 993 1888 isle
1015 1854 1025 1889 2
1047 1815 1106 1889 cni
1130 1812 1276 1910 quidem
1299 1808 1463 1891 srnadu·

417 1911 482 1988 bio
505 1911 697 1989 adulteram
712 1910 793 1990 licet
820 1913 1019 1988 dimittere.
1034 1913 1170 1989 adulter
1191 1930 1309 1988 tamen
1331 1909 1462 1989 habea.

415 2008 535 2099 tur,sr
560 2013 703 2088 alteram
721 2012 863 2089 duxerit
884 2054 896 2096 2
921 2027 1096 2111 quantum
1114 2012 1301 2099 existimo,
1318 2015 1462 2090 veniali·

414 2121 471 2191 ter
493 2113 542 2188 ibi
567 2112 714 2210 quisque
740 2111 875 2190 fallatur
900 2163 967 2204 ,,,,.

466 2208 748 2290 Verumtamen,
769 2209 886 2288 Patren
921 2211 1026 2309 primi
1058 2201 1218 2296 ordinis,
1242 2204 1463 2293 Ponnfices,

352 2365 355 2370 -
414 2310 615 2408 generalia,
639 2312 675 2387 dr
713 2311 901 2387 tintinnalia
926 2308 1088 2387 Concilia
1124 2308 1326 2395 senserunt,
1349 2323 1459 2407 atqua

415 2425 718 2511 propugnarunt,
752 2413 954 2506 conjuges,
984 2408 1078 2485 fatto
1100 2411 1149 2486 ob
1173 2410 1384 2485 adulterium
1403 2411 1459 2485 di·

414 2517 537 2589 nortio
559 2508 681 2588 ‚aliud
705 2512 973 2587 matrimonium
994 2511 1080 2588 inire
1108 2530 1184 2586 non
1206 2502 1315 2606 polle·

397 2641 399 2650 ·
467 2607 507 2689 ld
534 2625 660 2708 praeter
690 2608 804 2687 Patres
829 2610 901 2707 jam
932 2609 1095 2687 laudator
1121 2616 1153 2691 S.
1172 2613 1393 2699 Hieronymus
1418 2605 1457 2686 in

413 2705 608 2810 Epitaphio
625 2708 762 2782 fabiola
783 2712 829 2789 ad
852 2714 1032 2795 Oceanum,
1056 2712 1185 2787 nobilia
1217 2708 1306 2785 illius
1323 2721 1458 2784 aratro·

415 2831 470 2887 nae
490 2812 746 2888 commendans
768 2812 1041 2910 poenitentiam,
1065 2834 1144 2906 quae
1168 2814 1333 2885 maritum
1356 2806 1458 2885 adul-

412 2922 531 2989 terum
557 2909 753 2996 dimiserat,
768 2911 962 3009 alterique,
987 2935 1032 2987 eo
1059 2910 1259 3006 superstite,
1280 2907 1455 3004 nupserat.

412 3059 437 3104 „
450 3066 473 3104 „
497 3008 667 3111 Praecepit
688 3010 869 3090 Dominus
898 3030 1052 3090 uxorem
1074 3034 1149 3086 non
1166 3012 1294 3085 debere
1307 3008 1456 3091 dimitti,

411 3111 562 3209 excepta
574 3110 673 3188 causa
689 3111 952 3194 fornicationis,
970 3114 1029 3196 dr,
1045 3105 1214 3187 srdimissa
1236 3108 1355 3191 luerit,
1379 3129 1455 3182 ma·

411 3232 497 3286 nere
524 3215 725 3311 innuptam.
752 3210 941 3310 Quidquid
965 3214 1045 3286 viria
1074 3210 1242 3303 jubetur,
1266 3205 1339 3280 hoc
1364 3227 1457 3280 coo·

411 3308 597 3405 sequenter
618 3311 791 3388 redundat
819 3312 857 3386 in
876 3311 1087 3386 feminas...
1122 3305 1226 3400 Apud
1252 3326 1319 3379 nor
1351 3306 1454 3399 quod

411 3407 591 3486 nonlicet
619 3407 758 3484 seminis
777 3454 789 3494 ,
811 3429 914 3507 aequa
938 3431 1014 3483 non
1037 3405 1119 3481 lieet
1147 3406 1227 3480 viria
1249 3446 1284 3483 0·
1308 3400 1453 3482 Dimiue

410 3525 519 3604 ergo.
542 3521 583 3583 ut
597 3508 718 3599 ajunt,
739 3506 925 3587 vitiosum,
943 3504 1073 3582 dimisit
1093 3503 1203 3589 illius,
1221 3505 1256 3578 dr
1274 3501 1364 3580 illius
1383 3507 1455 3581 cri-

408 3604 852 3791 urlulanlull
866 3604 1457 3804 assartandum

409 3805 555 3887 suaserat
576 3803 661 3889 fibi,
683 3806 720 3881 da
750 3796 937 3904 putab‘ata
963 3805 996 3881 se
1018 3807 1133 3884 airum
1155 3806 1233 3898 jure
1251 3800 1450 3890 dimissum,

410 3927 481 3982 nec
507 3901 691 4002 Evangelii
717 3906 879 4002 vigorem
909 3919 1085 3988 noverat,
1118 3908 1155 3981 in
1192 3926 1267 4002 quo
1291 3906 1452 3981 nubendi

411 4004 571 4082 universa
601 4003 774 4084 causatio,
799 4007 997 4084 virentibus
1025 4007 1106 4082 airis
1125 4050 1136 4082 2
1158 4002 1298 4079 seminir
1326 4026 1454 4100 ampu-

392 4119 528 4182 ¹tatur,
545 4103 632 4181 durn
658 4104 769 4182 multa
795 4104 928 4181 diaboli
953 4109 1042 4183 vitat
1062 4101 1235 4190 vulnera,
1259 4126 1370 4180 unum
1398 4108 1454 4180 in·

409 4218 514 4281 cauta
540 4204 666 4282 vulnus
686 4207 836 4297 accepit,
862 4203 933 4281 Sed
962 4205 1049 4304 quid
1073 4226 1144 4302 ego
1173 4207 1209 4277 in
1233 4203 1393 4280 abolitis.
1411 4205 1452 4278 dt

394 4305 565 4400 antiquio
598 4326 746 4415 moror,
762 4326 923 4403 quaerent
949 4304 1114 4380 excusare
1141 4304 1320 4404 culpam,
1349 4302 1452 4394 cujus

410 4407 662 4502 poenututiaur
685 4408 755 4506 ipsa
770 4401 1000 4486 consessa-eil
1018 4402 1103 4501 „l
1299 4399 1406 4504 Idem
