3700 5425
499 546 571 636 De
597 547 783 641 Peccatis
810 551 855 636 in
876 572 1067 681 genere·¹
1215 573 1319 659 419Ι

246 721 317 805 lua
341 717 569 803 intentionis.
584 719 891 815 comprehendere
901 724 938 799 in
953 720 1027 799 hoc
1037 716 1197 797 Decreto
1211 761 1220 791 a
1236 720 1300 797 ubi

248 824 296 899 de
306 837 456 923 peccato
476 820 641 915 originali
658 822 795 915 agitur,
811 822 1018 901 beatam&
1038 818 1302 897 immaculatam

245 919 437 1016 ¹Virginem
455 917 605 994 Mariana
630 918 700 997 Dei
728 917 973 1016 Genitricem3
991 921 1050 997 sed
1068 916 1303 996 observandas

250 1019 321 1099 ess'e
344 1016 626 1097 Constitutiones
652 1018 761 1096 felicis
794 1025 1054 1099 recordationis
1085 1020 1176 1099 Sixti
1198 1015 1304 1113 Papae

250 1118 316 1203 lV.
336 1118 396 1195 iub
414 1120 578 1212 poenisin
591 1123 640 1194 eis
653 1117 977 1199 constitutionibus
1002 1122 1184 1201 contentis
1196 1140 1304 1216 ‚quas

253 1224 403 1299 innovat
423 1261 489 1308 „„·
512 1217 694 1300 Statutum
712 1222 804 1289 δίκη·
817 1220 881 1291 IV.
917 1224 1125 1305 renovavit,
1151 1219 1187 1295 &
1213 1240 1307 1294 eon·

252 1320 406 1404 firmavit
427 1321 555 1413 pariter
570 1325 602 1390 i.
617 1321 693 1388 Pius
708 1317 749 1395 V.
766 1337 991 1417 anno'r57e.
1010 1319 1103 1398 edita
1121 1316 1307 1396 Constitu·
1388 1336 1391 1341 ·

252 1424 354 1500 tione
370 1462 381 1496 a
396 1440 477 1518 quae
488 1515 490 1519 Ι
502 1419 651 1514 incipit.
667 1424 767 1515 Super
788 1418 950 1509 speculam
962 1469 974 1504 ,
988 1445 1059 1519 qua
1083 1418 1229 1495 mandat
1251 1420 1309 1493 in.

254 1521 378 1615 super:
395 1573 416 1608 „
430 1572 452 1608 ‚,
470 1517 657 1608 Quatenus
672 1542 780 1596 nemo
792 1518 1037 1619 cujuscunque
1058 1519 1191 1597 ordinis
1204 1566 1215 1600 ‚
1225 1539 1308 1611 gra·

254 1622 345 1707 dus.
362 1617 603 1706 conditionis,
620 1620 675 1694 vel
698 1622 878 1717 dignitatis
904 1621 1056 1705 existat,
1077 1623 1113 1696 in
1128 1616 1310 1716 populari-

257 1718 324 1795 bus
349 1716 671 1800 concionibunvel
689 1723 894 1817 ubicunque
907 1719 1106 1818 promiscua
1124 1720 1307 1803 uirorum.

257 1822 297 1897 de
314 1820 499 1897 mulierum
514 1817 708 1894 multitudo
719 1822 913 1900 convenire
929 1820 1027 1905 solet,
1040 1820 1085 1895 de
1099 1817 1205 1914 hujus
1217 1838 1310 1894 con-

257 1912 437 1997 troverliae
463 1917 629 1992 alterutra
659 1936 757 2014 parte
775 1920 949 2015 disputare
971 1975 982 2004 .
1003 1921 1198 1995 rationibus
1216 1968 1227 1999 ,
1250 1911 1307 1991 vel

257 2014 466 2100 Deilorum
500 2017 707 2098 autlorirate
741 2017 922 2099 afferendo
954 2021 1137 2118 propriam
1168 2013 1311 2091 senten-

258 2123 348 2199 tiam
360 2118 415 2191 s&
438 2120 652 2196 contrariam
666 2118 882 2205 refellendo,
897 2110 1309 2225 autimpugrrand03pel

260 2219 306 2293 de
326 2216 393 2295 hac
419 2215 489 2311 ipl'a
514 2219 729 2314 quaestione,
751 2217 902 2312 cujusvis
924 2220 1151 2314 pietatisnnt
1168 2208 1314 2291 neceffl-

261 2319 343 2397 ratis
377 2330 550 2415 pretextu
582 2316 719 2412 vulgari
745 2317 907 2397 sermone
933 2316 1082 2394 scribere
1101 2315 1158 2391 rel
1187 2312 1317 2391 nitran

262 2414 462 2519 presumat·
499 2415 574 2511 Qui
603 2435 728 2495 contra
755 2418 900 2505 lecerit,
927 2414 1156 2518 suspensionis
1169 2433 1318 2511 poenam

262 2541 284 2596 a
304 2514 442 2592 Divinis
459 2517 532 2621 ipl'o
557 2517 649 2592 ladio
667 2517 796 2616 absque
818 2542 911 2593 nora
936 2517 1183 2607 ,declaratione
1199 2517 1318 2589 incur-

264 2612 515 2697 tantimodo
537 2614 692 2695 fueritin
709 2617 821 2693 Sacris
844 2617 1078 2696 constitutus,
1101 2617 1317 2716 &quocun-

263 2739 337 2822 que
354 2734 519 2813 praeterea
534 2717 647 2811 gradu
666 2772 677 2803 ,
705 2718 775 2793 srre
804 2718 977 2815 dignitate
993 2766 1004 2795 ,
1020 2717 1075 2792 vel
1101 2713 1319 2793 administra-

268 2822 369 2896 tione
386 2815 556 2911 fungatur
570 2870 578 2891 .
594 2817 658 2892 illis
681 2819 849 2898 omnibus
870 2817 911 2893 lit
933 2816 1008 2912 ipso
1034 2820 1112 2910 iure
1132 2819 1316 2916 privator,

265 2918 304 2997 ἃ
323 2916 366 2990 ad
379 2918 501 2990 eadem
517 2917 595 2995 ‚vel
612 2915 733 2993 familia
755 2941 898 2993 munera
920 2915 1113 2993 obtinenda
1137 2931 1320 3012 perpetuat

265 3017 490 3095 inhabilitatis
511 3014 664 3092 censurae
686 3018 761 3112 ipl'o
785 3017 875 3096 latio
905 3017 947 3092 lit
975 3021 1158 3094 obnoxius
1184 3067 1195 3099 ,
1217 3012 1321 3110 super

269 3118 399 3209 quibus
419 3115 481 3189 nili
506 3139 525 3189 a
543 3138 696 3192 romano
712 3116 887 3197 Pontifice
900 3140 969 3213 pro
988 3134 1153 3237 tempore
1171 3112 1323 3189 existen-

267 3231 304 3300 te
319 3215 521 3319 dil'pensari,
537 3215 605 3289 live
618 3215 747 3292 absolvi
763 3240 839 3292 non
851 3214 956 3313 poffit
972 3264 1035 3308 „„·
1054 3215 1233 3292 (aeterum
1243 3232 1323 3307 gra·

266 3322 357 3393 viter
378 3315 456 3390 illos
478 3314 680 3411 perstringit
698 3324 730 3391 s,
746 3319 822 3384 Pius
838 3316 878 3391 V.
897 3318 958 3412 qui
982 3372 1005 3408 ‚,
1022 3370 1044 3407 ‚,
1069 3316 1163 3391 Cum
1174 3311 1218 3386 de
1240 3310 1325 3404 glo·

266 3413 367 3494 nasa
387 3413 543 3509 Virginis
572 3415 694 3495 urana
716 3415 971 3512 conceptione
995 3415 1111 3492 sermo
1131 3410 1325 3496 inciderit.

266 3530 341 3597 tam
365 3518 588 3612 pertinaciter
616 3539 683 3611 pro
708 3517 872 3596 alterutra
895 3532 993 3615 parre
1009 3512 1264 3594 contendunt,
1283 3529 1327 3588 ac

266 3613 355 3694 lide
374 3615 439 3689 illis
461 3612 705 3709 Dogmatibus
729 3613 836 3700 effer,
867 3640 946 3715 quae
979 3615 1092 3692 corde
1119 3612 1262 3688 credere
1280 3606 1327 3685 ad

267 3716 458 3812 justitiam,
478 3738 540 3789 ore
558 3716 721 3789 confiteri
742 3717 786 3791 ad
814 3715 983 3801 salutem,
1009 3711 1239 3791 nocellariom
1262 3706 1323 3786 est.

266 3818 411 3918 Quibus
436 3814 523 3888 illud
543 3813 729 3911 Propheta
760 3818 954 3891 conuenire
977 3817 1140 3891 ridetur:
1170 3814 1328 3892 Dicunt,

267 3940 319 3986 art
334 3921 497 3984 Dominus
513 3968 523 3998 ,
537 3938 607 3982 cum
633 3936 769 4005 egenen
787 3915 846 4000 βω
867 3917 994 3983 locutus
1018 3970 1039 4005 „
1053 3961 1093 4003 ,μ
1118 3910 1226 3986 Addit
1252 3908 1321 3983 san·
1346 3907 1454 3978 uaeas
1470 3924 1518 3988 ις.

271 4013 436 4094 alffinus
458 4011 623 4092 Pontifex
642 4038 686 4102 z„
698 4069 721 4103 „
747 4012 842 4089 Cum
856 4013 890 4087 S.
907 4012 949 4092 R·
971 4011 1006 4091 l.
1024 4016 1189 4092 omnium
1205 4008 1325 4090 Eccle-
1348 4006 1377 4070 l·

271 4114 400 4195 {iarum
427 4113 667 4212 lllagistra‚&
699 4111 852 4192 Dotlrix
868 4114 1055 4211 discipline
1073 4114 1118 4186 de
1139 4134 1178 4185 ea
1205 4132 1242 4181 rc
1260 4106 1328 4181 hu·

273 4213 405 4307 cuique
429 4237 505 4292 non
520 4212 712 4295 definierit,
737 4237 846 4290 nemo
866 4212 994 4311 absque
1022 4212 1219 4288 temeritate
1238 4228 1329 4304 prar-

272 4316 450 4413 justene,
473 4313 527 4388 vel
543 4313 682 4392 alterius
699 4316 806 4408 partis
836 4312 1040 4389 [sistentiam
1064 4312 1232 4385 damnare
1260 4328 1329 4400 po·

276 4414 343 4493 test
367 4460 436 4504 „„·
461 4415 712 4509 Quamobrem
738 4413 882 4497 liberam
903 4417 1032 4507 cuique
1054 4410 1258 4489 facultatem
1275 4426 1332 4480 re-

274 4515 408 4620 linquit
428 4510 600 4621 opinandi
616 4511 1006 4713 ΗυῙυεὸοὲιτΞονεῑίίε
1024 4509 1329 4689 ᾳυαιιὼὺὲᾎμτ,

1256 4655 1274 4696 a
