3700 5425
504 554 572 647 De
595 552 863 647 Sacramento
889 551 1167 655 illatrimonii'
1275 556 1375 657 211r3'

294 729 476 831 ¹mebant,
493 728 532 806 ἃ
552 748 638 804 cum
658 725 832 803 uxoribus
848 724 1072 805 ecclesiastica
1093 725 1291 806 retinebant
1307 731 1371 807 be.

317 829 476 923 ncficia3
507 848 666 924 quorum
694 829 918 903 matrimonia
953 826 1107 923 lulccota
1160 826 1252 905 rolea
1281 850 1370 925 oro·
1416 870 1419 877 ·

318 927 437 1029 grellu
458 927 632 1023 temporis
665 924 839 1002 revelabat
864 928 900 1002 in
925 948 1097 1025 magnum
1120 851 1277 1007 ffcclefie
1305 927 1370 1003 dc·

322 1034 448 1107 decor»
461 1031 562 1107 utait
580 1020 788 1102 Concilium
801 1022 1027 1104 Londinenl'e
1046 1027 1107 1105 sub
1122 1031 1282 1120 Gregorio
1297 1030 1366 1098 ΙΧ.

294 1144 467 1307 farei·
484 1122 1365 1402 l{fua{tt‘tl‘lttlltlt'tillir

311 1344 394 1412 tur,
409 1350 527 1428 quor
575 1338 811 1418 contemptu,
827 1326 882 1401 vel
898 1326 1081 1423 negem,
1102 1327 1296 1405 violabatur
1309 1348 1365 1400 re.

308 1426 414 1526 ligio.
451 1425 621 1524 Denique
650 1424 789 1500 incellar
817 1425 1090 1519 conjuntiloner
1114 1479 1124 1510 .
1150 1427 1285 1523 aliaque
1310 1428 1363 1502 ub
1464 1480 1468 1487 -
1534 1434 1540 1455 ¹

311 1518 574 1625 impedimenta
597 1522 815 1619 illegitima.
842 1525 936 1601 haud
957 1526 1057 1601 facile
1075 1524 1236 1621 impediri
1259 1540 1363 1619 pote·
1539 1602 1547 1617 „
1567 1540 1588 1583 Ι

314 1644 410 1703 rant.
440 1622 513 1703 Har
525 1626 630 1699 etiam
650 1627 700 1698 ob
715 1625 871 1700 rationes
888 1622 1099 1701 clandellina
1116 1626 1341 1703 matrimonia
1348 1668 1363 1710 ,
1495 1690 1498 1695 .
1536 1686 1544 1705 .
1644 1630 1647 1635 ’

314 1725 379 1802 lib.
396 1740 436 1817 7·
469 1722 750 1817 crnimlarium,
775 1742 854 1819 cap.
873 1738 952 1820 127.
994 1726 1101 1801 vetita
1127 1724 1217 1803 lunt.
1375 1770 1378 1775 -
1521 1768 1544 1787 ,.

371 1824 531 1903 Secunda
543 1842 622 1921 pare
637 1819 910 1920 Propolrtionis.
930 1820 1079 1910 scilicet,
1092 1825 1194 1921 quod
1206 1818 1363 1901 -Ecclellr
1376 1816 1462 1885 inlu
1483 1837 1548 1887 Μ

318 1922 531 2002 clandestina
553 1924 810 2038 matrimonia,
845 1939 929 1998 ante
954 1921 1159 2033 Concilium
1180 1896 1564 2037 Tridentissffjffifgss

317 2046 410 2103 num
432 2023 635 2109 contracta,
660 2026 755 2097 irrita
780 2042 857 2098 non
880 2020 1131 2101 declaraverit,
1152 2022 1290 2101 constat
1312 2044 1360 2112 ex
1374 2051 1453 2125 jugia
1472 2066 1543 2111 aare

316 2122 477 2204 Concilii
497 2118 664 2199 Toletani
691 2136 722 2202 1.
748 2117 839 2202 Can.
858 2137 915 2215 17.·
942 2119 1110 2222 idemque
1127 2120 1360 2209 confirmatur
1376 2121 1546 2214 eupolim
1625 2212 1631 2225 ι

310 2202 361 2303 εἰ
380 2246 462 2304 can,
490 2215 654 2311 sufficere.
670 2218 759 2298 Con.
780 2218 1103 2310 Matrimonium&
1118 2244 1195 2301 can.
1225 2226 1363 2310 Onnes,
1378 2197 1531 2349 iffi&

311 2323 492 2415 mulam.
516 2321 634 2419 quaell.
651 2338 686 2395 a.
714 2320 845 2419 quibua
871 2319 1111 2419 legitimarum
1134 2321 1362 2419 personarum
1568 2398 1570 2402 Α

314 2424 429 2502 lrlrero
451 2420 623 2505 consenso
645 2422 868 2497 matrimonia
886 2422 1028 2520 perlici,
1051 2422 1177 2497 &rata
1190 2418 1258 2501 elie
1277 2414 1364 2503 alse-

317 2528 417 2603 ritrar·
452 2521 548 2601 ltem
568 2543 616 2597 ex
639 2513 877 2597 lateranenfis
905 2520 1057 2600 Concilii
1083 2519 1234 2599 Conone
1261 2520 1364 2601 luora

313 2627 451 2701 citato,
472 2643 550 2721 quo
564 2617 799 2719 prohibentur
819 2620 988 2718 quidem,
1003 2621 1060 2699 sed
1078 2625 1171 2698 irrita
1184 2641 1262 2699 non
1277 2644 1370 2721 proc

312 2727 530 2804 nuntia'ntur
549 2724 771 2798 matrimonia
797 2721 888 2797 clam
923 2722 1114 2800 contraria·
1141 2726 1365 2808 acdeorum

314 2848 363 2902 ex
384 2823 448 2903 niu
485 2819 670 2906 Eccleliae,
703 2844 782 2919 quae
812 2820 1014 2915 hujulinodi
1043 2823 1266 2898 matrimonia
1288 2836 1368 2898 tan·

316 2947 427 3023 quam
447 2920 628 3003 invalida.
652 2922 688 2997 dc
708 2922 804 2998 irrita
829 2919 995 2996 dirimere
1019 2945 1202 3016 nunquam
1218 2925 1367 2998 tentavit

316 3040 405 3101 ante
428 3021 584 3099 concilii
606 3017 805 3097 Tridentini
823 3017 1017 3098 Decretum
1032 3019 1205 3106 edictum,
1225 3022 1261 3097 dr
1280 3044 1362 3118 pro·

318 3123 543 3219 mulgarum3
561 3143 636 3218 quo
649 3116 878 3197 nihilominus
893 3138 1039 3218 utroque
1055 3145 1132 3216 pars
1150 3119 1369 3218 propositio-

318 3226 374 3300 nir
397 3222 522 3298 nollrae
542 3219 785 3297 confirmatur.
814 3274 872 3310 ‚„,
899 3212 1054 3297 Tametsi
1076 3220 1239 3311 lirqrrir)
1266 3219 1370 3294 dubi·

318 3324 469 3400 tandum
492 3344 568 3397 non
585 3321 653 3401 est.
666 3321 874 3396 clandestina
888 3322 1135 3403 matrimonia,
1152 3320 1262 3394 libero
1280 3340 1369 3396 con·

320 3419 536 3502 ommium
562 3415 732 3511 consensu
754 3420 863 3504 facta,
884 3436 975 3505 rata,
995 3420 1032 3495 dt
1058 3442 1136 3495 vera
1159 3416 1225 3494 elle
1250 3418 1370 3492 matri.

320 3523 470 3599 monia»
488 3514 658 3619 quamdiu
680 3518 880 3596 Ecclesiam
904 3522 996 3618 irrita
1015 3543 1089 3593 non
1107 3518 1209 3612 fecir;
1230 3518 1265 3592 dr
1286 3539 1371 3616 pro-

319 3619 411 3700 inde
430 3621 505 3714 jure
526 3619 716 3694 damnandi
739 3618 804 3696 fint
826 3618 898 3693 illi,
917 3637 957 3696 ut
975 3644 1037 3695 eos
1052 3619 1087 3697 S.
1102 3620 1269 3718 Synodus
1290 3640 1371 3696 ana·

319 3721 485 3799 themate
497 3717 659 3801 damnat,
674 3722 737 3815 qui
754 3743 793 3808 ea
811 3742 915 3805 veru,
935 3737 1059 3795 aerata
1073 3718 1139 3793 elle
1156 3734 1298 3819 negant.
1312 3766 1369 3800 .·.

316 3818 566 3900 Nihilominur
590 3818 701 3895 landa
723 3816 793 3896 Del
816 3815 966 3898 Ecclelia
989 3843 1034 3894 ex
1054 3816 1237 3908 jultillrnris
1258 3815 1369 3895 caufir

317 3920 376 4000 illa
404 3917 540 4015 semper
563 3918 730 3994 detestata
753 3919 822 4001 est,
844 3938 952 4016 atque
974 3918 1156 4014 prohibuit
1179 3976 1200 4008 „
1214 3975 1248 4006 ‚,.

372 4017 437 4098 Illa
472 4016 617 4118 quidem
656 4016 811 4095 l'eitima
844 4019 1014 4116 coniugia
1049 4016 1116 4096 elle
1143 4031 1249 4114 negat
1283 4038 1364 4093 can.

323 4119 466 4202 Aliter,
488 4119 553 4214 qni
574 4039 725 4200 Evaerrfii
749 4116 850 4216 Papae
873 4122 1020 4194 nornine
1041 4143 1060 4192 a
1078 4122 1243 4187 Gratiano
1263 4120 1369 4191 rerer·

325 4231 385 4298 tur
402 4217 501 4298 causa
516 4235 577 4311 30·
600 4239 661 4312 qu·
678 4238 710 4305 ς.
738 4220 818 4316 quia
838 4218 876 4295 in
897 4219 940 4294 iis
960 4217 1102 4316 legum,
1121 4218 1156 4292 dr
1176 4216 1368 4295 Canonurn

327 4319 519 4419 prescripta
547 4338 623 4393 non
651 4315 840 4396 serrantur.
880 4316 1085 4402 Adulatio,
1110 4314 1222 4405 fluore
1237 4365 1244 4386 ·
1259 4306 1371 4402 frami-

317 4423 462 4492 earimer
482 4431 682 4502 vocantur.
711 4440 786 4495 non
807 4414 988 4502 absolute.
1007 4416 1087 4497 led:
1111 4413 1193 4506 Nrfi
1216 4415 1369 4483 oolurrar

260 4529 285 4574 l*
320 4513 450 4616 proprie
466 4511 730 4613 [effugaverit.
757 4518 799 4591 dr
814 4533 892 4695 rago
901 4514 1124 4602 succurrerint
1144 4516 1314 4688 legrtimsff·
1334 4507 1371 4620 id

410 4689 416 4700 .
899 4633 924 4697 2
1255 4638 1273 4691 θ
1310 4666 1322 4700 r
1371 4688 1377 4700 .
