<?xml version="1.0" encoding="UTF-8"?>
<!DOCTYPE html PUBLIC "-//W3C//DTD XHTML 1.0 Transitional//EN"
    "http://www.w3.org/TR/xhtml1/DTD/xhtml1-transitional.dtd">
<html xmlns="http://www.w3.org/1999/xhtml" xml:lang="en" lang="en">
 <head>
  <title>
</title>
<meta http-equiv="Content-Type" content="text/html;charset=utf-8" />
  <meta name='ocr-system' content='tesseract 3.04.00' />
  <meta name='ocr-capabilities' content='ocr_page ocr_carea ocr_par ocr_line ocrx_word'/>
</head>
<body>
  <div class='ocr_page' id='page_1' title='image "./theologiadogmat05alexgoog_0398.png"; bbox 0 0 3700 5425; ppageno 0'>
   <div class='ocr_carea' id='block_1_1' title="bbox 551 482 1479 677">
    <p class='ocr_par' dir='ltr' id='par_1_1' title="bbox 551 482 1479 677">
     <span class='ocr_line' id='line_1_1' title="bbox 551 482 1479 677; baseline -0.001 -23"><span class='ocrx_word' id='word_1_1' title='bbox 551 576 632 677; x_wconf 71' lang='lat'>388</span> <span class='ocrx_word' id='word_1_2' title='bbox 746 482 899 654; x_wconf 69' lang='lat' dir='ltr'>Tlteol.</span> <span class='ocrx_word' id='word_1_3' title='bbox 920 560 1034 675; x_wconf 86' lang='lat' dir='ltr'>Dog.</span> <span class='ocrx_word' id='word_1_4' title='bbox 1059 562 1101 651; x_wconf 77' lang='lat' dir='ltr'>fa</span> <span class='ocrx_word' id='word_1_5' title='bbox 1125 558 1275 653; x_wconf 83' lang='lat' dir='ltr'>Illoral.</span> <span class='ocrx_word' id='word_1_6' title='bbox 1294 558 1388 658; x_wconf 90' lang='lat' dir='ltr'><strong>Lib.</strong></span> <span class='ocrx_word' id='word_1_7' title='bbox 1411 563 1479 656; x_wconf 79' lang='lat' dir='ltr'>u:</span> 
     </span>
    </p>
   </div>
   <div class='ocr_carea' id='block_1_2' title="bbox 553 730 1601 1329">
    <p class='ocr_par' dir='ltr' id='par_1_2' title="bbox 553 730 1601 1329">
     <span class='ocr_line' id='line_1_2' title="bbox 553 730 1598 826; baseline -0.012 -9"><span class='ocrx_word' id='word_1_8' title='bbox 553 735 757 817; x_wconf 82' lang='lat' dir='ltr'>sententiam</span> <span class='ocrx_word' id='word_1_9' title='bbox 780 730 825 807; x_wconf 90' lang='lat' dir='ltr'>de</span> <span class='ocrx_word' id='word_1_10' title='bbox 847 731 1004 808; x_wconf 87' lang='lat' dir='ltr'>divortio</span> <span class='ocrx_word' id='word_1_11' title='bbox 1028 755 1123 809; x_wconf 82' lang='lat' dir='ltr'>uxot</span> <span class='ocrx_word' id='word_1_12' title='bbox 1146 748 1244 826; x_wconf 82' lang='lat' dir='ltr'>petat</span> <span class='ocrx_word' id='word_1_13' title='bbox 1266 731 1426 811; x_wconf 82' lang='lat' dir='ltr'>debitunt</span> <span class='ocrx_word' id='word_1_14' title='bbox 1444 790 1454 821; x_wconf 92' lang='lat'>,</span> <span class='ocrx_word' id='word_1_15' title='bbox 1472 735 1526 813; x_wconf 88' lang='lat' dir='ltr'>vel</span> <span class='ocrx_word' id='word_1_16' title='bbox 1542 760 1598 815; x_wconf 82' lang='lat' dir='ltr'>ra.</span> 
     </span>
     <span class='ocr_line' id='line_1_3' title="bbox 554 833 1478 929; baseline 0 -22"><span class='ocrx_word' id='word_1_17' title='bbox 554 834 863 922; x_wconf 71' lang='lat' dir='ltr'>conciliationem,</span> <span class='ocrx_word' id='word_1_18' title='bbox 885 835 935 909; x_wconf 86' lang='lat' dir='ltr'>vit</span> <span class='ocrx_word' id='word_1_19' title='bbox 958 848 1099 919; x_wconf 78' lang='lat' dir='ltr'>tenetur</span> <span class='ocrx_word' id='word_1_20' title='bbox 1116 833 1160 912; x_wconf 92' lang='lat' dir='ltr'>ad</span> <span class='ocrx_word' id='word_1_21' title='bbox 1181 852 1372 929; x_wconf 82' lang='lat' dir='ltr'>utrumque</span> <span class='ocrx_word' id='word_1_22' title='bbox 1398 889 1419 924; x_wconf 85' lang='lat'>„</span> <span class='ocrx_word' id='word_1_23' title='bbox 1442 883 1478 926; x_wconf 80' lang='lat'>,‚.</span> 
     </span>
     <span class='ocr_line' id='line_1_4' title="bbox 604 931 1598 1031; baseline -0.003 -24"><span class='ocrx_word' id='word_1_24' title='bbox 604 933 702 1011; x_wconf 86' lang='lat' dir='ltr'>Idem</span> <span class='ocrx_word' id='word_1_25' title='bbox 723 936 830 1011; x_wconf 83' lang='lat' dir='ltr'>docet</span> <span class='ocrx_word' id='word_1_26' title='bbox 854 938 886 1013; x_wconf 78' lang='lat' dir='ltr'>S.</span> <span class='ocrx_word' id='word_1_27' title='bbox 903 934 1086 1003; x_wconf 79' lang='lat' dir='ltr'><em>Antoninus</em></span> <span class='ocrx_word' id='word_1_28' title='bbox 1106 948 1141 1031; x_wconf 81' lang='lat'>3.</span> <span class='ocrx_word' id='word_1_29' title='bbox 1160 955 1196 1026; x_wconf 82' lang='grc' dir='ltr'>ρ.</span> <span class='ocrx_word' id='word_1_30' title='bbox 1220 934 1319 1015; x_wconf 81' lang='lat' dir='ltr'>tit.1.</span> <span class='ocrx_word' id='word_1_31' title='bbox 1343 956 1418 1029; x_wconf 84' lang='lat' dir='ltr'>cap.</span> <span class='ocrx_word' id='word_1_32' title='bbox 1432 955 1490 1008; x_wconf 87' lang='lat'>21.</span> <span class='ocrx_word' id='word_1_33' title='bbox 1515 931 1598 1025; x_wconf 67' lang='lat'>§.60</span> 
     </span>
     <span class='ocr_line' id='line_1_5' title="bbox 553 1028 1598 1127; baseline -0.001 -20"><span class='ocrx_word' id='word_1_34' title='bbox 553 1088 608 1127; x_wconf 82' lang='lat'>„„</span> <span class='ocrx_word' id='word_1_35' title='bbox 637 1032 673 1107; x_wconf 88' lang='lat' dir='ltr'>Si</span> <span class='ocrx_word' id='word_1_36' title='bbox 694 1035 745 1108; x_wconf 84' lang='lat' dir='ltr'>vir</span> <span class='ocrx_word' id='word_1_37' title='bbox 761 1074 770 1106; x_wconf 67' lang='lat'>2</span> <span class='ocrx_word' id='word_1_38' title='bbox 789 1034 897 1122; x_wconf 82' lang='lat' dir='ltr'>tnan&#39;r</span> <span class='ocrx_word' id='word_1_39' title='bbox 912 1073 922 1105; x_wconf 65' lang='lat' dir='ltr'>a</span> <span class='ocrx_word' id='word_1_40' title='bbox 940 1028 990 1106; x_wconf 84' lang='lat' dir='ltr'>est</span> <span class='ocrx_word' id='word_1_41' title='bbox 1006 1030 1217 1113; x_wconf 83' lang='lat' dir='ltr'>adulteratus</span> <span class='ocrx_word' id='word_1_42' title='bbox 1234 1031 1393 1116; x_wconf 85' lang='lat' dir='ltr'>occulte,</span> <span class='ocrx_word' id='word_1_43' title='bbox 1411 1057 1504 1111; x_wconf 87' lang='lat' dir='ltr'>uxor</span> <span class='ocrx_word' id='word_1_44' title='bbox 1525 1058 1598 1111; x_wconf 82' lang='lat' dir='ltr'>ota.</span> 
     </span>
     <span class='ocr_line' id='line_1_6' title="bbox 555 1130 1601 1227; baseline -0.007 -15"><span class='ocrx_word' id='word_1_45' title='bbox 555 1133 699 1212; x_wconf 72' lang='lat' dir='ltr'>nil&#39;elle.</span> <span class='ocrx_word' id='word_1_46' title='bbox 723 1153 796 1205; x_wconf 93' lang='lat' dir='ltr'>non</span> <span class='ocrx_word' id='word_1_47' title='bbox 820 1130 935 1221; x_wconf 84' lang='lat' dir='ltr'>notefl</span> <span class='ocrx_word' id='word_1_48' title='bbox 957 1135 1008 1203; x_wconf 86' lang='lat' dir='ltr'>vir</span> <span class='ocrx_word' id='word_1_49' title='bbox 1041 1131 1111 1205; x_wconf 83' lang='lat' dir='ltr'>froc</span> <span class='ocrx_word' id='word_1_50' title='bbox 1139 1149 1288 1227; x_wconf 85' lang='lat' dir='ltr'>peccato</span> <span class='ocrx_word' id='word_1_51' title='bbox 1308 1153 1458 1207; x_wconf 82' lang='lat' dir='ltr'>uxorem</span> <span class='ocrx_word' id='word_1_52' title='bbox 1478 1134 1601 1209; x_wconf 81' lang='lat' dir='ltr'>dimit.</span> 
     </span>
     <span class='ocr_line' id='line_1_7' title="bbox 553 1227 1599 1329; baseline -0.002 -20"><span class='ocrx_word' id='word_1_53' title='bbox 553 1247 652 1323; x_wconf 86' lang='lat' dir='ltr'>ttre;</span> <span class='ocrx_word' id='word_1_54' title='bbox 671 1232 752 1326; x_wconf 87' lang='lat' dir='ltr'>quia</span> <span class='ocrx_word' id='word_1_55' title='bbox 772 1234 877 1303; x_wconf 82' lang='lat' dir='ltr'>uxori</span> <span class='ocrx_word' id='word_1_56' title='bbox 893 1253 967 1305; x_wconf 92' lang='lat' dir='ltr'>non</span> <span class='ocrx_word' id='word_1_57' title='bbox 988 1227 1109 1305; x_wconf 86' lang='lat' dir='ltr'>deficit</span> <span class='ocrx_word' id='word_1_58' title='bbox 1131 1228 1332 1324; x_wconf 80' lang='lat' dir='ltr'>excipiendi</span> <span class='ocrx_word' id='word_1_59' title='bbox 1347 1232 1425 1325; x_wconf 80' lang='lat' dir='ltr'>jur,</span> <span class='ocrx_word' id='word_1_60' title='bbox 1440 1232 1496 1306; x_wconf 84' lang='lat' dir='ltr'>fed</span> <span class='ocrx_word' id='word_1_61' title='bbox 1514 1256 1599 1329; x_wconf 86' lang='lat' dir='ltr'>pto·</span> 
     </span>
    </p>
   </div>
   <div class='ocr_carea' id='block_1_3' title="bbox 553 1327 1599 1637">
    <p class='ocr_par' dir='ltr' id='par_1_3' title="bbox 553 1327 1599 1637">
     <span class='ocr_line' id='line_1_8' title="bbox 553 1327 1599 1423; baseline -0.002 -14"><span class='ocrx_word' id='word_1_62' title='bbox 553 1334 664 1409; x_wconf 77' lang='lat' dir='ltr'>batio-</span> <span class='ocrx_word' id='word_1_63' title='bbox 698 1330 733 1401; x_wconf 82' lang='lat' dir='ltr'>Si</span> <span class='ocrx_word' id='word_1_64' title='bbox 764 1344 881 1403; x_wconf 87' lang='lat' dir='ltr'>tamen</span> <span class='ocrx_word' id='word_1_65' title='bbox 924 1333 976 1404; x_wconf 87' lang='lat' dir='ltr'>vir</span> <span class='ocrx_word' id='word_1_66' title='bbox 999 1327 1122 1423; x_wconf 79' lang='lat' dir='ltr'>egillet</span> <span class='ocrx_word' id='word_1_67' title='bbox 1143 1332 1412 1423; x_wconf 82' lang='lat' dir='ltr'>poenitentiant,</span> <span class='ocrx_word' id='word_1_68' title='bbox 1438 1332 1474 1407; x_wconf 72' lang='grc' dir='ltr'>ἃ</span> <span class='ocrx_word' id='word_1_69' title='bbox 1503 1355 1599 1407; x_wconf 83' lang='lat' dir='ltr'>uxot</span> 
     </span>
     <span class='ocr_line' id='line_1_9' title="bbox 554 1425 1599 1531; baseline 0.009 -27"><span class='ocrx_word' id='word_1_70' title='bbox 554 1430 667 1514; x_wconf 87' lang='lat' dir='ltr'>nollet</span> <span class='ocrx_word' id='word_1_71' title='bbox 690 1450 820 1523; x_wconf 84' lang='lat' dir='ltr'>agere.</span> <span class='ocrx_word' id='word_1_72' title='bbox 851 1425 907 1502; x_wconf 84' lang='lat' dir='ltr'>fed</span> <span class='ocrx_word' id='word_1_73' title='bbox 936 1427 1169 1526; x_wconf 80' lang='lat' dir='ltr'>perseveraret</span> <span class='ocrx_word' id='word_1_74' title='bbox 1191 1434 1226 1502; x_wconf 92' lang='lat' dir='ltr'>in</span> <span class='ocrx_word' id='word_1_75' title='bbox 1260 1429 1461 1510; x_wconf 75' lang='lat' dir='ltr'>adulterio,</span> <span class='ocrx_word' id='word_1_76' title='bbox 1484 1429 1599 1531; x_wconf 76' lang='lat' dir='ltr'>poIIet</span> 
     </span>
     <span class='ocr_line' id='line_1_10' title="bbox 553 1527 1377 1637; baseline -0.004 -32"><span class='ocrx_word' id='word_1_77' title='bbox 553 1528 626 1614; x_wconf 73' lang='lat' dir='ltr'>fine</span> <span class='ocrx_word' id='word_1_78' title='bbox 646 1545 796 1637; x_wconf 79' lang='lat' dir='ltr'>peccato</span> <span class='ocrx_word' id='word_1_79' title='bbox 819 1527 1006 1609; x_wconf 75' lang='lat' dir='ltr'>accusata,</span> <span class='ocrx_word' id='word_1_80' title='bbox 1035 1529 1072 1604; x_wconf 71' lang='grc' dir='ltr'><strong>ἃ</strong></span> <span class='ocrx_word' id='word_1_81' title='bbox 1096 1527 1273 1607; x_wconf 81' lang='lat' dir='ltr'>dimittere</span> <span class='ocrx_word' id='word_1_82' title='bbox 1298 1584 1320 1621; x_wconf 84' lang='lat'>,‚</span> <span class='ocrx_word' id='word_1_83' title='bbox 1340 1572 1377 1620; x_wconf 70' lang='lat'>„0</span> 
     </span>
    </p>
   </div>
   <div class='ocr_carea' id='block_1_4' title="bbox 802 1679 1347 1770">
    <p class='ocr_par' dir='ltr' id='par_1_4' title="bbox 802 1679 1347 1770">
     <span class='ocr_line' id='line_1_11' title="bbox 802 1679 1347 1770; baseline -0.007 -5"><span class='ocrx_word' id='word_1_84' title='bbox 802 1679 1127 1768; x_wconf 78' lang='lat' dir='ltr'>REGULA</span> <span class='ocrx_word' id='word_1_85' title='bbox 1177 1682 1347 1770; x_wconf 86' lang='lat' dir='ltr'><strong>XVII.</strong></span> 
     </span>
    </p>
   </div>
   <div class='ocr_carea' id='block_1_5' title="bbox 552 1806 1600 2012">
    <p class='ocr_par' dir='ltr' id='par_1_5' title="bbox 552 1806 1600 2012">
     <span class='ocr_line' id='line_1_12' title="bbox 552 1806 1600 1913; baseline 0.006 -22"><span class='ocrx_word' id='word_1_86' title='bbox 552 1806 760 1903; x_wconf 85' lang='lat' dir='ltr'>Divortluut</span> <span class='ocrx_word' id='word_1_87' title='bbox 783 1818 879 1910; x_wconf 81' lang='lat' dir='ltr'>peti,</span> <span class='ocrx_word' id='word_1_88' title='bbox 898 1812 1063 1899; x_wconf 83' lang='lat' dir='ltr'>decerni,</span> <span class='ocrx_word' id='word_1_89' title='bbox 1082 1838 1124 1890; x_wconf 90' lang='lat' dir='ltr'>ac</span> <span class='ocrx_word' id='word_1_90' title='bbox 1146 1813 1219 1889; x_wconf 85' lang='lat' dir='ltr'>ficri</span> <span class='ocrx_word' id='word_1_91' title='bbox 1250 1820 1366 1913; x_wconf 85' lang='lat' dir='ltr'>potest</span> <span class='ocrx_word' id='word_1_92' title='bbox 1393 1820 1442 1895; x_wconf 94' lang='lat' dir='ltr'>ob</span> <span class='ocrx_word' id='word_1_93' title='bbox 1466 1818 1600 1913; x_wconf 81' lang='lat' dir='ltr'>tansum</span> 
     </span>
     <span class='ocr_line' id='line_1_13' title="bbox 617 1912 1539 2012; baseline -0.002 -22"><span class='ocrx_word' id='word_1_94' title='bbox 617 1915 757 1995; x_wconf 71' lang='lat' dir='ltr'>alterius</span> <span class='ocrx_word' id='word_1_95' title='bbox 774 1915 975 2010; x_wconf 82' lang='lat' dir='ltr'>conjugum</span> <span class='ocrx_word' id='word_1_96' title='bbox 995 1916 1030 1989; x_wconf 91' lang='lat' dir='ltr'>in</span> <span class='ocrx_word' id='word_1_97' title='bbox 1050 1912 1229 1998; x_wconf 74' lang='lat' dir='ltr'>haeresint,</span> <span class='ocrx_word' id='word_1_98' title='bbox 1248 1917 1303 1992; x_wconf 87' lang='lat' dir='ltr'>vel</span> <span class='ocrx_word' id='word_1_99' title='bbox 1322 1918 1539 2012; x_wconf 87' lang='lat' dir='ltr'>apostaliana.</span> 
     </span>
    </p>
   </div>
   <div class='ocr_carea' id='block_1_6' title="bbox 205 2034 1617 4034">
    <p class='ocr_par' dir='ltr' id='par_1_6' title="bbox 205 2034 1617 4034">
     <span class='ocr_line' id='line_1_14' title="bbox 350 2034 1600 2215; baseline -0.004 -95"><span class='ocrx_word' id='word_1_100' title='bbox 350 2034 486 2113; x_wconf 62' lang='lat' dir='ltr'>Hmll·</span> <span class='ocrx_word' id='word_1_101' title='bbox 557 2050 698 2215; x_wconf 80' lang='lat' dir='ltr'>Hac</span> <span class='ocrx_word' id='word_1_102' title='bbox 719 2042 852 2140; x_wconf 80' lang='lat' dir='ltr'>Regula</span> <span class='ocrx_word' id='word_1_103' title='bbox 872 2048 994 2127; x_wconf 88' lang='lat' dir='ltr'>nltltut</span> <span class='ocrx_word' id='word_1_104' title='bbox 1009 2068 1086 2140; x_wconf 86' lang='lat' dir='ltr'>cap.</span> <span class='ocrx_word' id='word_1_105' title='bbox 1114 2050 1168 2115; x_wconf 84' lang='lat' dir='ltr'>De</span> <span class='ocrx_word' id='word_1_106' title='bbox 1182 2044 1256 2129; x_wconf 83' lang='lat' dir='ltr'>illa,</span> <span class='ocrx_word' id='word_1_107' title='bbox 1271 2049 1370 2141; x_wconf 90' lang='lat' dir='ltr'>quod</span> <span class='ocrx_word' id='word_1_108' title='bbox 1390 2044 1600 2116; x_wconf 68' lang='lat' dir='ltr'>Urbanilll.</span> 
     </span>
     <span class='ocr_line' id='line_1_15' title="bbox 205 2114 1600 2255; baseline 0.001 -36"><span class='ocrx_word' id='word_1_109' title='bbox 205 2216 208 2227; x_wconf 83' lang='grc'>,</span> <span class='ocrx_word' id='word_1_110' title='bbox 351 2114 536 2255; x_wconf 52' lang='lat' dir='ltr'>glcffffistg‘st</span> <span class='ocrx_word' id='word_1_111' title='bbox 666 2146 701 2218; x_wconf 87' lang='lat'>&amp;</span> <span class='ocrx_word' id='word_1_112' title='bbox 728 2167 806 2241; x_wconf 88' lang='lat' dir='ltr'>cap.</span> <span class='ocrx_word' id='word_1_113' title='bbox 834 2143 1007 2239; x_wconf 56' lang='lat' dir='ltr'>Quanto,</span> <span class='ocrx_word' id='word_1_114' title='bbox 1035 2147 1135 2242; x_wconf 84' lang='lat' dir='ltr'>quod</span> <span class='ocrx_word' id='word_1_115' title='bbox 1169 2150 1279 2217; x_wconf 81' lang='lat' dir='ltr'>Innoc.</span> <span class='ocrx_word' id='word_1_116' title='bbox 1299 2151 1366 2224; x_wconf 83' lang='grc' dir='ltr'><em>ΙΙΙ.</em></span> <span class='ocrx_word' id='word_1_117' title='bbox 1396 2144 1600 2243; x_wconf 82' lang='lat' dir='ltr'>responsum</span> 
     </span>
     <span class='ocr_line' id='line_1_16' title="bbox 352 2242 1601 2343; baseline -0.002 -25"><span class='ocrx_word' id='word_1_118' title='bbox 352 2263 483 2343; x_wconf 64' lang='lat' dir='ltr'>lenitum</span> <span class='ocrx_word' id='word_1_119' title='bbox 497 2270 538 2340; x_wconf 54' lang='grc' dir='ltr'>ὥ.</span> <span class='ocrx_word' id='word_1_120' title='bbox 559 2248 628 2331; x_wconf 79' lang='lat' dir='ltr'>est,</span> <span class='ocrx_word' id='word_1_121' title='bbox 651 2242 729 2327; x_wconf 76' lang='lat' dir='ltr'>Ext.</span> <span class='ocrx_word' id='word_1_122' title='bbox 761 2250 814 2314; x_wconf 87' lang='lat' dir='ltr'>De</span> <span class='ocrx_word' id='word_1_123' title='bbox 837 2250 1021 2320; x_wconf 80' lang='lat' dir='ltr'>Divortr&#39;r&#39;r.</span> <span class='ocrx_word' id='word_1_124' title='bbox 1052 2243 1094 2321; x_wconf 81' lang='lat' dir='ltr'>Et</span> <span class='ocrx_word' id='word_1_125' title='bbox 1114 2268 1189 2320; x_wconf 76' lang='lat' dir='ltr'>can.</span> <span class='ocrx_word' id='word_1_126' title='bbox 1216 2247 1408 2321; x_wconf 68' lang='lat' dir='ltr'>nlotnlatria</span> <span class='ocrx_word' id='word_1_127' title='bbox 1430 2248 1527 2341; x_wconf 78' lang='lat' dir='ltr'>[upra</span> <span class='ocrx_word' id='word_1_128' title='bbox 1550 2250 1601 2323; x_wconf 67' lang='lat' dir='ltr'>ci·</span> 
     </span>
     <span class='ocr_line' id='line_1_17' title="bbox 353 2341 1617 2437; baseline -0.002 -21"><span class='ocrx_word' id='word_1_129' title='bbox 353 2346 452 2416; x_wconf 71' lang='lat' dir='ltr'>vatilla</span> <span class='ocrx_word' id='word_1_130' title='bbox 561 2362 660 2430; x_wconf 81' lang='lat' dir='ltr'>tato,</span> <span class='ocrx_word' id='word_1_131' title='bbox 678 2345 734 2420; x_wconf 73' lang='lat' dir='ltr'>I&#39;eu</span> <span class='ocrx_word' id='word_1_132' title='bbox 754 2347 866 2431; x_wconf 79' lang='lat' dir='ltr'>verbis</span> <span class='ocrx_word' id='word_1_133' title='bbox 889 2349 921 2419; x_wconf 75' lang='lat' dir='ltr'>S·</span> <span class='ocrx_word' id='word_1_134' title='bbox 938 2341 1071 2437; x_wconf 72' lang='lat' dir='ltr'>nugati.</span> <span class='ocrx_word' id='word_1_135' title='bbox 1094 2346 1152 2421; x_wconf 85' lang='lat' dir='ltr'>lib·</span> <span class='ocrx_word' id='word_1_136' title='bbox 1169 2360 1201 2421; x_wconf 84' lang='lat' dir='ltr'>t.</span> <span class='ocrx_word' id='word_1_137' title='bbox 1224 2349 1275 2416; x_wconf 85' lang='lat' dir='ltr'>De</span> <span class='ocrx_word' id='word_1_138' title='bbox 1297 2354 1445 2415; x_wconf 82' lang='lat' dir='ltr'><em>Sermone</em></span> <span class='ocrx_word' id='word_1_139' title='bbox 1463 2347 1602 2415; x_wconf 76' lang='lat' dir='ltr'>Domini</span> <span class='ocrx_word' id='word_1_140' title='bbox 1610 2364 1617 2375; x_wconf 88' lang='lat'><strong>·</strong></span> 
     </span>
     <span class='ocr_line' id='line_1_18' title="bbox 366 2443 1604 2545; baseline 0.001 -29"><span class='ocrx_word' id='word_1_141' title='bbox 366 2454 369 2463; x_wconf 82' lang='grc'><strong>“</strong></span> <span class='ocrx_word' id='word_1_142' title='bbox 563 2450 598 2517; x_wconf 89' lang='lat' dir='ltr'>in</span> <span class='ocrx_word' id='word_1_143' title='bbox 616 2465 742 2525; x_wconf 77' lang='lat' dir='ltr'>inante,</span> <span class='ocrx_word' id='word_1_144' title='bbox 760 2468 791 2519; x_wconf 87' lang='lat' dir='ltr'>c·</span> <span class='ocrx_word' id='word_1_145' title='bbox 805 2449 859 2520; x_wconf 76' lang='lat'>16.</span> <span class='ocrx_word' id='word_1_146' title='bbox 878 2500 930 2535; x_wconf 87' lang='lat'>„„</span> <span class='ocrx_word' id='word_1_147' title='bbox 952 2443 1174 2531; x_wconf 78' lang='lat' dir='ltr'>Idololatria,</span> <span class='ocrx_word' id='word_1_148' title='bbox 1188 2448 1296 2539; x_wconf 83' lang='lat' dir='ltr'>inquit</span> <span class='ocrx_word' id='word_1_149' title='bbox 1310 2495 1321 2528; x_wconf 91' lang='lat'><em>,</em></span> <span class='ocrx_word' id='word_1_150' title='bbox 1335 2469 1440 2545; x_wconf 85' lang='lat' dir='ltr'>quarn</span> <span class='ocrx_word' id='word_1_151' title='bbox 1452 2443 1604 2543; x_wconf 84' lang='lat' dir='ltr'>lequun-</span> 
     </span>
     <span class='ocr_line' id='line_1_19' title="bbox 564 2542 1605 2641; baseline -0.006 -18"><span class='ocrx_word' id='word_1_152' title='bbox 564 2562 622 2629; x_wconf 89' lang='lat' dir='ltr'>tut</span> <span class='ocrx_word' id='word_1_153' title='bbox 643 2542 818 2629; x_wconf 78' lang='lat' dir='ltr'>infideles,</span> <span class='ocrx_word' id='word_1_154' title='bbox 837 2547 872 2618; x_wconf 80' lang='lat' dir='ltr'>dr</span> <span class='ocrx_word' id='word_1_155' title='bbox 897 2545 1060 2637; x_wconf 83' lang='lat' dir='ltr'>quaelibtt</span> <span class='ocrx_word' id='word_1_156' title='bbox 1083 2548 1189 2619; x_wconf 85' lang='lat' dir='ltr'>noxio</span> <span class='ocrx_word' id='word_1_157' title='bbox 1212 2545 1405 2641; x_wconf 85' lang='lat' dir='ltr'>fuperllitio</span> <span class='ocrx_word' id='word_1_158' title='bbox 1422 2594 1432 2627; x_wconf 90' lang='lat'><em>,</em></span> <span class='ocrx_word' id='word_1_159' title='bbox 1450 2544 1605 2619; x_wconf 89' lang='lat' dir='ltr'>fornica-</span> 
     </span>
     <span class='ocr_line' id='line_1_20' title="bbox 564 2641 1603 2742; baseline -0.005 -20"><span class='ocrx_word' id='word_1_160' title='bbox 564 2651 618 2732; x_wconf 89' lang='lat' dir='ltr'>tio</span> <span class='ocrx_word' id='word_1_161' title='bbox 640 2646 699 2722; x_wconf 86' lang='lat' dir='ltr'>eil.</span> <span class='ocrx_word' id='word_1_162' title='bbox 729 2641 910 2728; x_wconf 80' lang='lat' dir='ltr'>Dominus</span> <span class='ocrx_word' id='word_1_163' title='bbox 925 2657 1044 2726; x_wconf 85' lang='lat' dir='ltr'>autem</span> <span class='ocrx_word' id='word_1_164' title='bbox 1063 2644 1216 2742; x_wconf 79' lang='lat' dir='ltr'>permisit</span> <span class='ocrx_word' id='word_1_165' title='bbox 1237 2646 1334 2721; x_wconf 88' lang='lat' dir='ltr'>caula</span> <span class='ocrx_word' id='word_1_166' title='bbox 1360 2645 1603 2726; x_wconf 70' lang='lat' dir='ltr'>fornicationis</span> 
     </span>
     <span class='ocr_line' id='line_1_21' title="bbox 565 2742 1606 2841; baseline -0.003 -20"><span class='ocrx_word' id='word_1_167' title='bbox 565 2769 718 2829; x_wconf 77' lang='lat' dir='ltr'>uxorem</span> <span class='ocrx_word' id='word_1_168' title='bbox 737 2745 877 2826; x_wconf 86' lang='lat' dir='ltr'>dimitti.</span> <span class='ocrx_word' id='word_1_169' title='bbox 907 2745 954 2813; x_wconf 80' lang='lat' dir='ltr'>Et</span> <span class='ocrx_word' id='word_1_170' title='bbox 967 2742 1078 2813; x_wconf 77' lang='lat' dir='ltr'>infra:</span> <span class='ocrx_word' id='word_1_171' title='bbox 1103 2745 1137 2823; x_wconf 87' lang='lat' dir='ltr'>Si</span> <span class='ocrx_word' id='word_1_172' title='bbox 1154 2744 1306 2840; x_wconf 83' lang='lat' dir='ltr'>aliquem</span> <span class='ocrx_word' id='word_1_173' title='bbox 1324 2760 1432 2841; x_wconf 86' lang='lat' dir='ltr'>cogat</span> <span class='ocrx_word' id='word_1_174' title='bbox 1447 2767 1539 2820; x_wconf 86' lang='lat' dir='ltr'>uxor</span> <span class='ocrx_word' id='word_1_175' title='bbox 1557 2744 1574 2818; x_wconf 92' lang='lat' dir='ltr'>f</span> <span class='ocrx_word' id='word_1_176' title='bbox 1588 2791 1606 2807; x_wconf 92' lang='lat'><em>-</em></span> 
     </span>
     <span class='ocr_line' id='line_1_22' title="bbox 568 2843 1605 2941; baseline -0.001 -23"><span class='ocrx_word' id='word_1_177' title='bbox 568 2846 721 2934; x_wconf 72' lang='lat' dir='ltr'>militare</span> <span class='ocrx_word' id='word_1_178' title='bbox 745 2845 868 2927; x_wconf 87' lang='lat' dir='ltr'>idolis,</span> <span class='ocrx_word' id='word_1_179' title='bbox 890 2845 951 2941; x_wconf 86' lang='lat' dir='ltr'>qui</span> <span class='ocrx_word' id='word_1_180' title='bbox 972 2843 1077 2920; x_wconf 78' lang='lat' dir='ltr'>taleni</span> <span class='ocrx_word' id='word_1_181' title='bbox 1097 2845 1264 2924; x_wconf 80' lang='lat' dir='ltr'>dimittit,</span> <span class='ocrx_word' id='word_1_182' title='bbox 1280 2845 1376 2921; x_wconf 88' lang='lat' dir='ltr'>caufa</span> <span class='ocrx_word' id='word_1_183' title='bbox 1400 2843 1605 2919; x_wconf 84' lang='lat' dir='ltr'>l&#39;ornicatio·</span> 
     </span>
     <span class='ocr_line' id='line_1_23' title="bbox 566 2942 1605 3030; baseline -0.001 -10"><span class='ocrx_word' id='word_1_184' title='bbox 566 2953 620 3027; x_wconf 84' lang='lat' dir='ltr'>nis</span> <span class='ocrx_word' id='word_1_185' title='bbox 643 2948 813 3026; x_wconf 82' lang='lat' dir='ltr'>dimittit.</span> <span class='ocrx_word' id='word_1_186' title='bbox 838 2968 912 3020; x_wconf 92' lang='lat' dir='ltr'>non</span> <span class='ocrx_word' id='word_1_187' title='bbox 940 2959 1078 3019; x_wconf 90' lang='lat' dir='ltr'>tantum</span> <span class='ocrx_word' id='word_1_188' title='bbox 1103 2944 1221 3026; x_wconf 84' lang='lat' dir='ltr'>illius,</span> <span class='ocrx_word' id='word_1_189' title='bbox 1244 2943 1300 3022; x_wconf 88' lang='lat' dir='ltr'>fed</span> <span class='ocrx_word' id='word_1_190' title='bbox 1328 2946 1363 3022; x_wconf 70' lang='grc' dir='ltr'>ἃ</span> <span class='ocrx_word' id='word_1_191' title='bbox 1386 2942 1452 3024; x_wconf 83' lang='lat' dir='ltr'>luae</span> <span class='ocrx_word' id='word_1_192' title='bbox 1467 2964 1477 3025; x_wconf 80' lang='lat'>3</span> <span class='ocrx_word' id='word_1_193' title='bbox 1494 2943 1605 3030; x_wconf 88' lang='lat' dir='ltr'>illius,</span> 
     </span>
     <span class='ocr_line' id='line_1_24' title="bbox 568 3042 1387 3147; baseline -0.002 -26"><span class='ocrx_word' id='word_1_194' title='bbox 568 3049 649 3147; x_wconf 79' lang='lat' dir='ltr'>quala</span> <span class='ocrx_word' id='word_1_195' title='bbox 673 3048 892 3129; x_wconf 62' lang='lat' dir='ltr'>fornicatum</span> <span class='ocrx_word' id='word_1_196' title='bbox 918 3044 1005 3125; x_wconf 83' lang='lat' dir='ltr'>fuae,</span> <span class='ocrx_word' id='word_1_197' title='bbox 1026 3068 1071 3117; x_wconf 90' lang='lat' dir='ltr'>ne</span> <span class='ocrx_word' id='word_1_198' title='bbox 1091 3042 1287 3120; x_wconf 83' lang='lat' dir='ltr'>fornicetur</span> <span class='ocrx_word' id='word_1_199' title='bbox 1313 3099 1334 3134; x_wconf 87' lang='lat'>„</span> <span class='ocrx_word' id='word_1_200' title='bbox 1353 3093 1387 3134; x_wconf 67' lang='lat'>„0</span> 
     </span>
     <span class='ocr_line' id='line_1_25' title="bbox 616 3140 1603 3240; baseline -0.001 -22"><span class='ocrx_word' id='word_1_201' title='bbox 616 3145 786 3224; x_wconf 82' lang='lat' dir='ltr'>Eamdettt</span> <span class='ocrx_word' id='word_1_202' title='bbox 823 3140 998 3240; x_wconf 82' lang='lat' dir='ltr'>Regulam</span> <span class='ocrx_word' id='word_1_203' title='bbox 1039 3141 1227 3222; x_wconf 81' lang='lat' dir='ltr'>confirmat</span> <span class='ocrx_word' id='word_1_204' title='bbox 1254 3149 1285 3211; x_wconf 85' lang='lat' dir='ltr'>S.</span> <span class='ocrx_word' id='word_1_205' title='bbox 1311 3143 1479 3230; x_wconf 78' lang='lat' dir='ltr'>Thomas,</span> <span class='ocrx_word' id='word_1_206' title='bbox 1507 3143 1543 3217; x_wconf 82' lang='lat' dir='ltr'>In</span> <span class='ocrx_word' id='word_1_207' title='bbox 1568 3160 1603 3236; x_wconf 88' lang='lat'>4.</span> 
     </span>
     <span class='ocr_line' id='line_1_26' title="bbox 565 3241 1604 3339; baseline -0.003 -16"><span class='ocrx_word' id='word_1_208' title='bbox 565 3250 709 3323; x_wconf 76' lang='lat' dir='ltr'>famant.</span> <span class='ocrx_word' id='word_1_209' title='bbox 725 3244 800 3318; x_wconf 84' lang='lat' dir='ltr'>dist.</span> <span class='ocrx_word' id='word_1_210' title='bbox 815 3265 871 3332; x_wconf 79' lang='lat'>35.</span> <span class='ocrx_word' id='word_1_211' title='bbox 884 3268 945 3339; x_wconf 84' lang='lat' dir='ltr'>qu.</span> <span class='ocrx_word' id='word_1_212' title='bbox 964 3263 992 3310; x_wconf 87' lang='lat'>1·</span> <span class='ocrx_word' id='word_1_213' title='bbox 1005 3261 1068 3318; x_wconf 84' lang='lat' dir='ltr'>art.</span> <span class='ocrx_word' id='word_1_214' title='bbox 1083 3267 1112 3318; x_wconf 84' lang='lat' dir='ltr'>t.</span> <span class='ocrx_word' id='word_1_215' title='bbox 1129 3246 1162 3318; x_wconf 94' lang='lat' dir='ltr'>in</span> <span class='ocrx_word' id='word_1_216' title='bbox 1175 3241 1325 3336; x_wconf 83' lang='lat' dir='ltr'>ttfponf·</span> <span class='ocrx_word' id='word_1_217' title='bbox 1335 3242 1377 3316; x_wconf 92' lang='lat' dir='ltr'>ad</span> <span class='ocrx_word' id='word_1_218' title='bbox 1394 3264 1425 3331; x_wconf 84' lang='lat'>3.</span> <span class='ocrx_word' id='word_1_219' title='bbox 1441 3298 1492 3333; x_wconf 87' lang='lat'>„„</span> <span class='ocrx_word' id='word_1_220' title='bbox 1508 3245 1604 3335; x_wconf 87' lang='lat' dir='ltr'>Quia</span> 
     </span>
     <span class='ocr_line' id='line_1_27' title="bbox 563 3342 1603 3438; baseline 0.005 -24"><span class='ocrx_word' id='word_1_221' title='bbox 563 3346 695 3438; x_wconf 83' lang='lat' dir='ltr'>inquit,</span> <span class='ocrx_word' id='word_1_222' title='bbox 716 3343 922 3428; x_wconf 76' lang='lat' dir='ltr'>infidelitas,</span> <span class='ocrx_word' id='word_1_223' title='bbox 941 3366 1020 3438; x_wconf 81' lang='lat' dir='ltr'>quae</span> <span class='ocrx_word' id='word_1_224' title='bbox 1043 3344 1171 3418; x_wconf 89' lang='lat' dir='ltr'>dicitur</span> <span class='ocrx_word' id='word_1_225' title='bbox 1193 3342 1373 3436; x_wconf 82' lang='lat' dir='ltr'>spiritualis</span> <span class='ocrx_word' id='word_1_226' title='bbox 1391 3343 1603 3430; x_wconf 81' lang='lat' dir='ltr'>fornicatio.</span> 
     </span>
     <span class='ocr_line' id='line_1_28' title="bbox 563 3438 1605 3538; baseline -0.004 -18"><span class='ocrx_word' id='word_1_227' title='bbox 563 3450 667 3520; x_wconf 86' lang='lat' dir='ltr'>etiant</span> <span class='ocrx_word' id='word_1_228' title='bbox 690 3438 738 3522; x_wconf 82' lang='lat' dir='ltr'>est</span> <span class='ocrx_word' id='word_1_229' title='bbox 763 3458 888 3523; x_wconf 81' lang='lat' dir='ltr'>contra</span> <span class='ocrx_word' id='word_1_230' title='bbox 913 3444 1129 3528; x_wconf 85' lang='lat' dir='ltr'>matrimonii</span> <span class='ocrx_word' id='word_1_231' title='bbox 1154 3443 1433 3530; x_wconf 69' lang='lat' dir='ltr'>oenomaum</span> <span class='ocrx_word' id='word_1_232' title='bbox 1456 3444 1504 3518; x_wconf 82' lang='lat' dir='ltr'>cll</span> <span class='ocrx_word' id='word_1_233' title='bbox 1523 3468 1605 3538; x_wconf 89' lang='lat' dir='ltr'>pto-</span> 
     </span>
     <span class='ocr_line' id='line_1_29' title="bbox 562 3539 1604 3635; baseline 0 -18"><span class='ocrx_word' id='word_1_234' title='bbox 562 3543 610 3624; x_wconf 80' lang='lat' dir='ltr'>Ins</span> <span class='ocrx_word' id='word_1_235' title='bbox 635 3545 814 3619; x_wconf 86' lang='lat' dir='ltr'>educanda</span> <span class='ocrx_word' id='word_1_236' title='bbox 835 3542 877 3616; x_wconf 84' lang='lat' dir='ltr'>ad</span> <span class='ocrx_word' id='word_1_237' title='bbox 902 3539 1039 3617; x_wconf 85' lang='lat' dir='ltr'>cultum</span> <span class='ocrx_word' id='word_1_238' title='bbox 1063 3540 1154 3625; x_wconf 83' lang='lat' dir='ltr'>Dei,</span> <span class='ocrx_word' id='word_1_239' title='bbox 1173 3545 1276 3615; x_wconf 85' lang='lat' dir='ltr'>rtiatn</span> <span class='ocrx_word' id='word_1_240' title='bbox 1296 3541 1362 3635; x_wconf 83' lang='lat' dir='ltr'>ipsa</span> <span class='ocrx_word' id='word_1_241' title='bbox 1386 3543 1468 3616; x_wconf 87' lang='lat' dir='ltr'>lacit</span> <span class='ocrx_word' id='word_1_242' title='bbox 1486 3543 1604 3617; x_wconf 78' lang='lat' dir='ltr'>divor·</span> 
     </span>
     <span class='ocr_line' id='line_1_30' title="bbox 563 3640 1606 3738; baseline -0.003 -20"><span class='ocrx_word' id='word_1_243' title='bbox 563 3647 679 3728; x_wconf 86' lang='lat' dir='ltr'>tiunt:</span> <span class='ocrx_word' id='word_1_244' title='bbox 704 3642 758 3718; x_wconf 85' lang='lat' dir='ltr'>fed</span> <span class='ocrx_word' id='word_1_245' title='bbox 780 3641 1028 3724; x_wconf 70' lang='lat' dir='ltr'>normaliter,</span> <span class='ocrx_word' id='word_1_246' title='bbox 1052 3664 1158 3738; x_wconf 88' lang='lat' dir='ltr'>quam</span> <span class='ocrx_word' id='word_1_247' title='bbox 1180 3640 1372 3734; x_wconf 81' lang='lat' dir='ltr'>corporalis</span> <span class='ocrx_word' id='word_1_248' title='bbox 1394 3641 1606 3723; x_wconf 81' lang='lat' dir='ltr'>fornicatio.</span> 
     </span>
     <span class='ocr_line' id='line_1_31' title="bbox 565 3741 1606 3841; baseline -0.004 -24"><span class='ocrx_word' id='word_1_249' title='bbox 565 3746 646 3838; x_wconf 82' lang='lat' dir='ltr'>quia</span> <span class='ocrx_word' id='word_1_250' title='bbox 675 3756 823 3841; x_wconf 87' lang='lat' dir='ltr'>propter</span> <span class='ocrx_word' id='word_1_251' title='bbox 845 3765 963 3820; x_wconf 87' lang='lat' dir='ltr'>unum</span> <span class='ocrx_word' id='word_1_252' title='bbox 980 3741 1093 3820; x_wconf 75' lang='lat' dir='ltr'>allum</span> <span class='ocrx_word' id='word_1_253' title='bbox 1108 3741 1348 3820; x_wconf 74' lang='lat' dir='ltr'>fornicationis</span> <span class='ocrx_word' id='word_1_254' title='bbox 1370 3741 1513 3820; x_wconf 78' lang='lat' dir='ltr'>carnalis</span> <span class='ocrx_word' id='word_1_255' title='bbox 1540 3765 1606 3835; x_wconf 86' lang='lat' dir='ltr'>po·</span> 
     </span>
     <span class='ocr_line' id='line_1_32' title="bbox 566 3840 1604 3938; baseline -0.001 -22"><span class='ocrx_word' id='word_1_256' title='bbox 566 3842 630 3926; x_wconf 81' lang='lat' dir='ltr'>test</span> <span class='ocrx_word' id='word_1_257' title='bbox 645 3842 792 3938; x_wconf 85' lang='lat' dir='ltr'>procedi</span> <span class='ocrx_word' id='word_1_258' title='bbox 807 3840 849 3918; x_wconf 88' lang='lat' dir='ltr'>ad</span> <span class='ocrx_word' id='word_1_259' title='bbox 866 3840 1081 3921; x_wconf 79' lang='lat' dir='ltr'>divortium.</span> <span class='ocrx_word' id='word_1_260' title='bbox 1100 3862 1174 3922; x_wconf 86' lang='lat' dir='ltr'>non</span> <span class='ocrx_word' id='word_1_261' title='bbox 1186 3857 1304 3920; x_wconf 82' lang='lat' dir='ltr'>autam</span> <span class='ocrx_word' id='word_1_262' title='bbox 1323 3857 1470 3937; x_wconf 86' lang='lat' dir='ltr'>prontet</span> <span class='ocrx_word' id='word_1_263' title='bbox 1492 3863 1604 3916; x_wconf 88' lang='lat' dir='ltr'>unum</span> 
     </span>
     <span class='ocr_line' id='line_1_33' title="bbox 567 3939 1610 4034; baseline 0.001 -17"><span class='ocrx_word' id='word_1_264' title='bbox 567 3946 683 4028; x_wconf 76' lang='lat' dir='ltr'>nllutn</span> <span class='ocrx_word' id='word_1_265' title='bbox 702 3939 935 4024; x_wconf 76' lang='lat' dir='ltr'>infidelitatis,</span> <span class='ocrx_word' id='word_1_266' title='bbox 954 3939 1010 4022; x_wconf 84' lang='lat' dir='ltr'>fed</span> <span class='ocrx_word' id='word_1_267' title='bbox 1032 3956 1177 4034; x_wconf 81' lang='lat' dir='ltr'>propter</span> <span class='ocrx_word' id='word_1_268' title='bbox 1196 3939 1511 4020; x_wconf 82' lang='lat' dir='ltr'>consuetudinem,</span> <span class='ocrx_word' id='word_1_269' title='bbox 1530 3963 1610 4033; x_wconf 82' lang='lat' dir='ltr'>quae</span> 
     </span>
    </p>
   </div>
   <div class='ocr_carea' id='block_1_7' title="bbox 569 4035 1586 4282">
    <p class='ocr_par' dir='ltr' id='par_1_7' title="bbox 569 4035 1586 4282">
     <span class='ocr_line' id='line_1_34' title="bbox 569 4035 1586 4148; baseline -0.002 -31"><span class='ocrx_word' id='word_1_270' title='bbox 569 4044 796 4148; x_wconf 82' lang='lat' dir='ltr'>pertinatiam</span> <span class='ocrx_word' id='word_1_271' title='bbox 811 4039 983 4123; x_wconf 78' lang='lat' dir='ltr'>ostendit,</span> <span class='ocrx_word' id='word_1_272' title='bbox 999 4042 1033 4120; x_wconf 91' lang='lat' dir='ltr'>in</span> <span class='ocrx_word' id='word_1_273' title='bbox 1049 4063 1117 4144; x_wconf 83' lang='lat' dir='ltr'>qua</span> <span class='ocrx_word' id='word_1_274' title='bbox 1130 4035 1313 4122; x_wconf 80' lang='lat' dir='ltr'>Infidelitar</span> <span class='ocrx_word' id='word_1_275' title='bbox 1323 4038 1500 4136; x_wconf 78' lang='lat' dir='ltr'>perficitur</span> <span class='ocrx_word' id='word_1_276' title='bbox 1512 4096 1534 4136; x_wconf 80' lang='lat'><em>„</em></span> <span class='ocrx_word' id='word_1_277' title='bbox 1548 4088 1586 4136; x_wconf 77' lang='lat'>„·</span> 
     </span>
     <span class='ocr_line' id='line_1_35' title="bbox 791 4189 1373 4282; baseline -0.031 0"><span class='ocrx_word' id='word_1_278' title='bbox 791 4191 1116 4282; x_wconf 74' lang='lat' dir='ltr'><strong>REGULA</strong></span> <span class='ocrx_word' id='word_1_279' title='bbox 1166 4189 1373 4280; x_wconf 81' lang='lat' dir='ltr'>XVIII.</span> 
     </span>
    </p>
   </div>
   <div class='ocr_carea' id='block_1_8' title="bbox 569 4324 1610 4734">
    <p class='ocr_par' dir='ltr' id='par_1_8' title="bbox 569 4324 1610 4734">
     <span class='ocr_line' id='line_1_36' title="bbox 569 4324 1610 4438; baseline 0.003 -31"><span class='ocrx_word' id='word_1_280' title='bbox 569 4328 663 4438; x_wconf 85' lang='lat' dir='ltr'>Josta</span> <span class='ocrx_word' id='word_1_281' title='bbox 690 4329 831 4404; x_wconf 86' lang='lat' dir='ltr'>divortii</span> <span class='ocrx_word' id='word_1_282' title='bbox 854 4329 950 4404; x_wconf 89' lang='lat' dir='ltr'>caufa</span> <span class='ocrx_word' id='word_1_283' title='bbox 975 4330 1050 4406; x_wconf 70' lang='lat' dir='ltr'>est,</span> <span class='ocrx_word' id='word_1_284' title='bbox 1075 4324 1098 4401; x_wconf 82' lang='lat' dir='ltr'>fi</span> <span class='ocrx_word' id='word_1_285' title='bbox 1121 4328 1319 4422; x_wconf 86' lang='lat' dir='ltr'>conjugunt</span> <span class='ocrx_word' id='word_1_286' title='bbox 1343 4327 1429 4406; x_wconf 77' lang='lat' dir='ltr'>atter</span> <span class='ocrx_word' id='word_1_287' title='bbox 1461 4330 1610 4410; x_wconf 84' lang='lat' dir='ltr'>alterum</span> 
     </span>
     <span class='ocr_line' id='line_1_37' title="bbox 616 4428 1610 4616; baseline -0.001 -103"><span class='ocrx_word' id='word_1_288' title='bbox 616 4432 756 4616; x_wconf 53' lang='lat' dir='ltr'>fflfflgat</span> <span class='ocrx_word' id='word_1_289' title='bbox 778 4428 820 4514; x_wconf 83' lang='lat' dir='ltr'>ad</span> <span class='ocrx_word' id='word_1_290' title='bbox 837 4429 986 4517; x_wconf 79' lang='lat' dir='ltr'>mortale</span> <span class='ocrx_word' id='word_1_291' title='bbox 1008 4443 1217 4582; x_wconf 11' lang='lat' dir='ltr'>peccatu-ut,</span> <span class='ocrx_word' id='word_1_292' title='bbox 1240 4452 1307 4515; x_wconf 76' lang='lat' dir='ltr'>ura</span> <span class='ocrx_word' id='word_1_293' title='bbox 1325 4432 1529 4515; x_wconf 81' lang='lat' dir='ltr'>tdotonitus</span> <span class='ocrx_word' id='word_1_294' title='bbox 1548 4432 1610 4512; x_wconf 82' lang='lat' dir='ltr'>dr·</span> 
     </span>
     <span class='ocr_line' id='line_1_38' title="bbox 1487 4623 1553 4734; baseline 0 0"><span class='ocrx_word' id='word_1_295' title='bbox 1487 4623 1553 4734; x_wconf 83' lang='lat' dir='ltr'>Ju-</span> 
     </span>
    </p>
   </div>
   <div class='ocr_carea' id='block_1_9' title="bbox 0 0 1866 5425">
    <p class='ocr_par' dir='ltr' id='par_1_9' title="bbox 0 0 1866 5425">
     <span class='ocr_line' id='line_1_39' title="bbox 0 0 1866 5425; baseline 0 0"><span class='ocrx_word' id='word_1_296' title='bbox 0 0 1866 5425; x_wconf 95' lang='lat' dir='ltr'> </span> 
     </span>
    </p>
   </div>
  </div>
 </body>
</html>
