<?xml version="1.0" encoding="UTF-8"?>
<!DOCTYPE html PUBLIC "-//W3C//DTD XHTML 1.0 Transitional//EN"
    "http://www.w3.org/TR/xhtml1/DTD/xhtml1-transitional.dtd">
<html xmlns="http://www.w3.org/1999/xhtml" xml:lang="en" lang="en">
 <head>
  <title>
</title>
<meta http-equiv="Content-Type" content="text/html;charset=utf-8" />
  <meta name='ocr-system' content='tesseract 3.04.00' />
  <meta name='ocr-capabilities' content='ocr_page ocr_carea ocr_par ocr_line ocrx_word'/>
</head>
<body>
  <div class='ocr_page' id='page_1' title='image "./theologiadogmat05alexgoog_0208.png"; bbox 0 0 3700 5425; ppageno 0'>
   <div class='ocr_carea' id='block_1_1' title="bbox 533 529 1522 660">
    <p class='ocr_par' dir='ltr' id='par_1_1' title="bbox 533 529 1522 660">
     <span class='ocr_line' id='line_1_1' title="bbox 533 529 1522 660; baseline 0 -32"><span class='ocrx_word' id='word_1_1' title='bbox 533 553 613 647; x_wconf 71' lang='lat'>198</span> <span class='ocrx_word' id='word_1_2' title='bbox 656 652 659 660; x_wconf 20' lang='grc' dir='ltr'>Ι</span> <span class='ocrx_word' id='word_1_3' title='bbox 710 529 863 626; x_wconf 82' lang='lat' dir='ltr'>Theoi.</span> <span class='ocrx_word' id='word_1_4' title='bbox 888 533 1005 645; x_wconf 83' lang='lat' dir='ltr'>Dog.</span> <span class='ocrx_word' id='word_1_5' title='bbox 1032 532 1241 635; x_wconf 76' lang='lat' dir='ltr'>&amp;Morus</span> <span class='ocrx_word' id='word_1_6' title='bbox 1262 533 1355 632; x_wconf 88' lang='lat' dir='ltr'>Lib.</span> <span class='ocrx_word' id='word_1_7' title='bbox 1379 534 1435 629; x_wconf 91' lang='lat'>11.</span> <span class='ocrx_word' id='word_1_8' title='bbox 1515 559 1522 579; x_wconf 76' lang='lat'><strong><em>¹</em></strong></span> 
     </span>
    </p>
   </div>
   <div class='ocr_carea' id='block_1_2' title="bbox 471 704 1588 3496">
    <p class='ocr_par' dir='ltr' id='par_1_2' title="bbox 471 704 1588 3496">
     <span class='ocr_line' id='line_1_2' title="bbox 583 704 1580 802; baseline 0.008 -22"><span class='ocrx_word' id='word_1_9' title='bbox 583 704 823 789; x_wconf 79' lang='lat' dir='ltr'><strong>catechismus</strong></span> <span class='ocrx_word' id='word_1_10' title='bbox 844 705 894 782; x_wconf 88' lang='lat' dir='ltr'>est</span> <span class='ocrx_word' id='word_1_11' title='bbox 916 704 1098 784; x_wconf 76' lang='lat' dir='ltr'>instrustio</span> <span class='ocrx_word' id='word_1_12' title='bbox 1113 706 1316 802; x_wconf 84' lang='lat' dir='ltr'>baptizandi</span> <span class='ocrx_word' id='word_1_13' title='bbox 1341 706 1542 789; x_wconf 86' lang='lat' dir='ltr'>solemniter</span> <span class='ocrx_word' id='word_1_14' title='bbox 1559 733 1580 788; x_wconf 89' lang='lat' dir='ltr'>a</span> 
     </span>
     <span class='ocr_line' id='line_1_3' title="bbox 532 801 1582 908; baseline -0.007 -22"><span class='ocrx_word' id='word_1_15' title='bbox 532 806 748 891; x_wconf 84' lang='lat' dir='ltr'>Sacerdote.</span> <span class='ocrx_word' id='word_1_16' title='bbox 768 810 803 880; x_wconf 92' lang='lat' dir='ltr'>in</span> <span class='ocrx_word' id='word_1_17' title='bbox 821 806 924 898; x_wconf 87' lang='lat' dir='ltr'>janua</span> <span class='ocrx_word' id='word_1_18' title='bbox 942 801 1100 886; x_wconf 81' lang='lat' dir='ltr'>Ecclefiae</span> <span class='ocrx_word' id='word_1_19' title='bbox 1123 805 1226 893; x_wconf 78' lang='lat' dir='ltr'>satia,</span> <span class='ocrx_word' id='word_1_20' title='bbox 1249 819 1439 908; x_wconf 81' lang='lat' dir='ltr'>antequam</span> <span class='ocrx_word' id='word_1_21' title='bbox 1469 813 1582 906; x_wconf 81' lang='lat' dir='ltr'>bapti.</span> 
     </span>
     <span class='ocr_line' id='line_1_4' title="bbox 533 900 1584 991; baseline 0.003 -10"><span class='ocrx_word' id='word_1_22' title='bbox 533 921 659 987; x_wconf 78' lang='lat' dir='ltr'>netur,</span> <span class='ocrx_word' id='word_1_23' title='bbox 672 905 717 981; x_wconf 92' lang='lat' dir='ltr'>de</span> <span class='ocrx_word' id='word_1_24' title='bbox 736 905 887 984; x_wconf 81' lang='lat' dir='ltr'>articulis</span> <span class='ocrx_word' id='word_1_25' title='bbox 905 900 997 983; x_wconf 82' lang='lat' dir='ltr'>Fidei</span> <span class='ocrx_word' id='word_1_26' title='bbox 1012 904 1195 982; x_wconf 80' lang='lat' dir='ltr'>catholicae</span> <span class='ocrx_word' id='word_1_27' title='bbox 1212 905 1417 991; x_wconf 84' lang='lat' dir='ltr'>credendis,</span> <span class='ocrx_word' id='word_1_28' title='bbox 1439 925 1478 985; x_wconf 89' lang='lat' dir='ltr'>ot</span> <span class='ocrx_word' id='word_1_29' title='bbox 1494 933 1584 985; x_wconf 92' lang='lat' dir='ltr'>con·</span> 
     </span>
     <span class='ocr_line' id='line_1_5' title="bbox 533 1001 1586 1098; baseline -0.004 -26"><span class='ocrx_word' id='word_1_30' title='bbox 533 1007 599 1087; x_wconf 81' lang='lat' dir='ltr'>stat</span> <span class='ocrx_word' id='word_1_31' title='bbox 625 1027 672 1085; x_wconf 73' lang='lat' dir='ltr'>ex</span> <span class='ocrx_word' id='word_1_32' title='bbox 694 1027 772 1082; x_wconf 81' lang='lat' dir='ltr'>can.</span> <span class='ocrx_word' id='word_1_33' title='bbox 807 1014 894 1072; x_wconf 76' lang='lat' dir='ltr'>sinte</span> <span class='ocrx_word' id='word_1_34' title='bbox 915 1001 1239 1095; x_wconf 77' lang='lat' dir='ltr'>Baptifmnm‚dist.</span> <span class='ocrx_word' id='word_1_35' title='bbox 1255 1029 1290 1098; x_wconf 84' lang='lat'>4.</span> <span class='ocrx_word' id='word_1_36' title='bbox 1329 1011 1383 1076; x_wconf 85' lang='lat' dir='ltr'>De</span> <span class='ocrx_word' id='word_1_37' title='bbox 1410 1008 1586 1092; x_wconf 64' lang='lat' dir='ltr'>Colossero-</span> 
     </span>
     <span class='ocr_line' id='line_1_6' title="bbox 532 1101 1585 1202; baseline 0.003 -24"><span class='ocrx_word' id='word_1_38' title='bbox 532 1110 634 1179; x_wconf 82' lang='lat' dir='ltr'>n&#39;one.</span> <span class='ocrx_word' id='word_1_39' title='bbox 662 1101 717 1181; x_wconf 85' lang='lat' dir='ltr'>Ex</span> <span class='ocrx_word' id='word_1_40' title='bbox 736 1126 782 1179; x_wconf 90' lang='lat' dir='ltr'>eo</span> <span class='ocrx_word' id='word_1_41' title='bbox 801 1102 982 1198; x_wconf 87' lang='lat' dir='ltr'>spiritualis</span> <span class='ocrx_word' id='word_1_42' title='bbox 999 1107 1114 1180; x_wconf 90' lang='lat' dir='ltr'>oritur</span> <span class='ocrx_word' id='word_1_43' title='bbox 1139 1110 1337 1201; x_wconf 86' lang='lat' dir='ltr'>cognatio,</span> <span class='ocrx_word' id='word_1_44' title='bbox 1356 1130 1436 1202; x_wconf 84' lang='lat' dir='ltr'>quae</span> <span class='ocrx_word' id='word_1_45' title='bbox 1462 1109 1585 1186; x_wconf 90' lang='lat' dir='ltr'>matri·</span> 
     </span>
     <span class='ocr_line' id='line_1_7' title="bbox 531 1202 1583 1300; baseline 0.001 -15"><span class='ocrx_word' id='word_1_46' title='bbox 531 1206 699 1285; x_wconf 84' lang='lat' dir='ltr'>monium</span> <span class='ocrx_word' id='word_1_47' title='bbox 721 1205 872 1300; x_wconf 89' lang='lat' dir='ltr'>impedit</span> <span class='ocrx_word' id='word_1_48' title='bbox 904 1202 1218 1290; x_wconf 85' lang='lat' dir='ltr'>contrahendum,</span> <span class='ocrx_word' id='word_1_49' title='bbox 1250 1205 1410 1284; x_wconf 86' lang='lat' dir='ltr'>sednon</span> <span class='ocrx_word' id='word_1_50' title='bbox 1448 1206 1583 1286; x_wconf 80' lang='lat' dir='ltr'>dirimit</span> 
     </span>
     <span class='ocr_line' id='line_1_8' title="bbox 533 1300 1588 1393; baseline 0.008 -25"><span class='ocrx_word' id='word_1_51' title='bbox 533 1302 770 1384; x_wconf 70' lang='lat' dir='ltr'>contrastum.</span> <span class='ocrx_word' id='word_1_52' title='bbox 794 1325 826 1379; x_wconf 84' lang='lat' dir='ltr'>c.</span> <span class='ocrx_word' id='word_1_53' title='bbox 856 1308 916 1370; x_wconf 81' lang='lat' dir='ltr'>Per</span> <span class='ocrx_word' id='word_1_54' title='bbox 945 1300 1208 1389; x_wconf 71' lang='lat' dir='ltr'>Coteche‘smum»</span> <span class='ocrx_word' id='word_1_55' title='bbox 1231 1302 1304 1380; x_wconf 84' lang='lat' dir='ltr'>Tit.</span> <span class='ocrx_word' id='word_1_56' title='bbox 1335 1308 1390 1374; x_wconf 86' lang='lat' dir='ltr'>De</span> <span class='ocrx_word' id='word_1_57' title='bbox 1411 1304 1588 1393; x_wconf 72' lang='lat' dir='ltr'><em>spirituali</em></span> 
     </span>
     <span class='ocr_line' id='line_1_9' title="bbox 534 1397 1585 1500; baseline -0.001 -26"><span class='ocrx_word' id='word_1_58' title='bbox 534 1406 751 1496; x_wconf 77' lang='lat' dir='ltr'><em>cognatione,</em></span> <span class='ocrx_word' id='word_1_59' title='bbox 774 1404 810 1478; x_wconf 90' lang='lat' dir='ltr'>in</span> <span class='ocrx_word' id='word_1_60' title='bbox 830 1397 867 1481; x_wconf 87' lang='lat'>6.</span> <span class='ocrx_word' id='word_1_61' title='bbox 897 1399 967 1477; x_wconf 87' lang='lat' dir='ltr'>Sed</span> <span class='ocrx_word' id='word_1_62' title='bbox 994 1403 1207 1495; x_wconf 77' lang='lat' dir='ltr'><strong>probabilius</strong></span> <span class='ocrx_word' id='word_1_63' title='bbox 1236 1405 1284 1479; x_wconf 85' lang='lat' dir='ltr'>est</span> <span class='ocrx_word' id='word_1_64' title='bbox 1301 1453 1312 1485; x_wconf 89' lang='lat'>‚</span> <span class='ocrx_word' id='word_1_65' title='bbox 1330 1402 1404 1480; x_wconf 94' lang='lat' dir='ltr'>hoc</span> <span class='ocrx_word' id='word_1_66' title='bbox 1433 1407 1585 1500; x_wconf 87' lang='lat' dir='ltr'>impedi.</span> 
     </span>
     <span class='ocr_line' id='line_1_10' title="bbox 532 1499 1582 1600; baseline 0.001 -17"><span class='ocrx_word' id='word_1_67' title='bbox 532 1518 697 1586; x_wconf 84' lang='lat' dir='ltr'>mentum</span> <span class='ocrx_word' id='word_1_68' title='bbox 729 1526 748 1578; x_wconf 86' lang='lat' dir='ltr'>a</span> <span class='ocrx_word' id='word_1_69' title='bbox 772 1499 889 1582; x_wconf 84' lang='lat' dir='ltr'>Gonc.</span> <span class='ocrx_word' id='word_1_70' title='bbox 914 1499 1016 1578; x_wconf 82' lang='lat' dir='ltr'>Trid·</span> <span class='ocrx_word' id='word_1_71' title='bbox 1040 1501 1214 1582; x_wconf 89' lang='lat' dir='ltr'>sublatum</span> <span class='ocrx_word' id='word_1_72' title='bbox 1242 1501 1349 1584; x_wconf 79' lang='lat' dir='ltr'>fuisse.</span> <span class='ocrx_word' id='word_1_73' title='bbox 1389 1505 1582 1600; x_wconf 79' lang='lat' dir='ltr'>Postquam</span> 
     </span>
     <span class='ocr_line' id='line_1_11' title="bbox 533 1597 1586 1694; baseline -0.016 -14"><span class='ocrx_word' id='word_1_74' title='bbox 533 1607 629 1681; x_wconf 84' lang='lat' dir='ltr'>enim</span> <span class='ocrx_word' id='word_1_75' title='bbox 652 1597 721 1678; x_wconf 78' lang='lat' dir='ltr'>sess.</span> <span class='ocrx_word' id='word_1_76' title='bbox 737 1618 797 1694; x_wconf 78' lang='lat'>24.</span> <span class='ocrx_word' id='word_1_77' title='bbox 824 1605 878 1671; x_wconf 88' lang='lat' dir='ltr'>De</span> <span class='ocrx_word' id='word_1_78' title='bbox 897 1600 1145 1690; x_wconf 82' lang='lat' dir='ltr'>Reformotione</span> <span class='ocrx_word' id='word_1_79' title='bbox 1168 1605 1402 1685; x_wconf 83' lang='lat' dir='ltr'>Matrimonii,</span> <span class='ocrx_word' id='word_1_80' title='bbox 1416 1627 1448 1691; x_wconf 73' lang='lat' dir='ltr'>p,</span> <span class='ocrx_word' id='word_1_81' title='bbox 1463 1623 1496 1681; x_wconf 81' lang='lat'>2.</span> <span class='ocrx_word' id='word_1_82' title='bbox 1523 1606 1586 1678; x_wconf 74' lang='lat' dir='ltr'>de.</span> 
     </span>
     <span class='ocr_line' id='line_1_12' title="bbox 535 1700 1584 1803; baseline 0.001 -23"><span class='ocrx_word' id='word_1_83' title='bbox 535 1703 679 1780; x_wconf 84' lang='lat' dir='ltr'>claravit</span> <span class='ocrx_word' id='word_1_84' title='bbox 696 1700 942 1803; x_wconf 86' lang='lat' dir='ltr'>,spiritualem</span> <span class='ocrx_word' id='word_1_85' title='bbox 966 1706 1224 1798; x_wconf 81' lang='lat' dir='ltr'>cognationem</span> <span class='ocrx_word' id='word_1_86' title='bbox 1249 1703 1412 1779; x_wconf 86' lang='lat' dir='ltr'>contrahi</span> <span class='ocrx_word' id='word_1_87' title='bbox 1442 1719 1584 1783; x_wconf 84' lang='lat' dir='ltr'>tanturn</span> 
     </span>
     <span class='ocr_line' id='line_1_13' title="bbox 532 1800 1584 1899; baseline -0.002 -19"><span class='ocrx_word' id='word_1_88' title='bbox 532 1804 627 1880; x_wconf 91' lang='lat' dir='ltr'>inter</span> <span class='ocrx_word' id='word_1_89' title='bbox 650 1824 735 1885; x_wconf 85' lang='lat' dir='ltr'>eos,</span> <span class='ocrx_word' id='word_1_90' title='bbox 756 1804 818 1899; x_wconf 92' lang='lat' dir='ltr'>qui</span> <span class='ocrx_word' id='word_1_91' title='bbox 845 1802 1064 1894; x_wconf 78' lang='lat' dir='ltr'>baptizatum</span> <span class='ocrx_word' id='word_1_92' title='bbox 1096 1802 1142 1877; x_wconf 92' lang='lat' dir='ltr'>de</span> <span class='ocrx_word' id='word_1_93' title='bbox 1169 1800 1346 1897; x_wconf 89' lang='lat' dir='ltr'>Baptismo</span> <span class='ocrx_word' id='word_1_94' title='bbox 1366 1801 1552 1899; x_wconf 89' lang='lat' dir='ltr'>suscipiunt</span> <span class='ocrx_word' id='word_1_95' title='bbox 1572 1859 1584 1889; x_wconf 82' lang='grc'><strong>,</strong></span> 
     </span>
     <span class='ocr_line' id='line_1_14' title="bbox 533 1899 1584 1999; baseline 0 -21"><span class='ocrx_word' id='word_1_96' title='bbox 533 1903 811 1999; x_wconf 84' lang='lat' dir='ltr'>&amp;baptizatum</span> <span class='ocrx_word' id='word_1_97' title='bbox 833 1900 967 1996; x_wconf 87' lang='lat' dir='ltr'>ipsum,</span> <span class='ocrx_word' id='word_1_98' title='bbox 990 1899 1146 1998; x_wconf 89' lang='lat' dir='ltr'>illiusque</span> <span class='ocrx_word' id='word_1_99' title='bbox 1166 1919 1325 1996; x_wconf 86' lang='lat' dir='ltr'>patrem,</span> <span class='ocrx_word' id='word_1_100' title='bbox 1344 1926 1386 1981; x_wconf 89' lang='lat' dir='ltr'>ac</span> <span class='ocrx_word' id='word_1_101' title='bbox 1412 1921 1584 1986; x_wconf 76' lang='lat' dir='ltr'>matremt</span> 
     </span>
     <span class='ocr_line' id='line_1_15' title="bbox 533 2002 1584 2099; baseline -0.001 -21"><span class='ocrx_word' id='word_1_102' title='bbox 533 2025 680 2078; x_wconf 86' lang='lat' dir='ltr'>necnon</span> <span class='ocrx_word' id='word_1_103' title='bbox 701 2003 792 2077; x_wconf 89' lang='lat' dir='ltr'>inter</span> <span class='ocrx_word' id='word_1_104' title='bbox 816 2002 1080 2099; x_wconf 64' lang='lat' dir='ltr'>baptizantem,</span> <span class='ocrx_word' id='word_1_105' title='bbox 1100 2002 1137 2076; x_wconf 73' lang='grc' dir='ltr'>ἃ</span> <span class='ocrx_word' id='word_1_106' title='bbox 1161 2003 1406 2097; x_wconf 83' lang='lat' dir='ltr'>baptizatum,</span> <span class='ocrx_word' id='word_1_107' title='bbox 1427 2005 1584 2098; x_wconf 82' lang='lat' dir='ltr'>baptiza-</span> 
     </span>
     <span class='ocr_line' id='line_1_16' title="bbox 533 2105 1586 2199; baseline -0.009 -19"><span class='ocrx_word' id='word_1_108' title='bbox 533 2105 636 2198; x_wconf 85' lang='lat' dir='ltr'>tique</span> <span class='ocrx_word' id='word_1_109' title='bbox 661 2116 822 2195; x_wconf 87' lang='lat' dir='ltr'>patrem,</span> <span class='ocrx_word' id='word_1_110' title='bbox 841 2122 882 2176; x_wconf 90' lang='lat' dir='ltr'>ac</span> <span class='ocrx_word' id='word_1_111' title='bbox 921 2116 1098 2184; x_wconf 81' lang='lat' dir='ltr'>matrem3</span> <span class='ocrx_word' id='word_1_112' title='bbox 1122 2125 1198 2178; x_wconf 91' lang='lat' dir='ltr'>eam</span> <span class='ocrx_word' id='word_1_113' title='bbox 1224 2124 1372 2199; x_wconf 85' lang='lat' dir='ltr'>quoque</span> <span class='ocrx_word' id='word_1_114' title='bbox 1396 2106 1586 2196; x_wconf 85' lang='lat' dir='ltr'>cognatio.</span> 
     </span>
     <span class='ocr_line' id='line_1_17' title="bbox 534 2196 1585 2296; baseline 0.004 -22"><span class='ocrx_word' id='word_1_115' title='bbox 534 2225 620 2281; x_wconf 87' lang='lat' dir='ltr'>nem</span> <span class='ocrx_word' id='word_1_116' title='bbox 633 2249 645 2283; x_wconf 83' lang='lat'>‚</span> <span class='ocrx_word' id='word_1_117' title='bbox 658 2222 737 2296; x_wconf 81' lang='lat' dir='ltr'>quae</span> <span class='ocrx_word' id='word_1_118' title='bbox 750 2223 795 2273; x_wconf 84' lang='lat' dir='ltr'>ex</span> <span class='ocrx_word' id='word_1_119' title='bbox 809 2196 1093 2276; x_wconf 86' lang='lat' dir='ltr'>Confirmatione</span> <span class='ocrx_word' id='word_1_120' title='bbox 1107 2200 1349 2280; x_wconf 68' lang='lat' dir='ltr'>contrahitur,</span> <span class='ocrx_word' id='word_1_121' title='bbox 1369 2202 1585 2280; x_wconf 83' lang='lat' dir='ltr'>oonlirmun·</span> 
     </span>
     <span class='ocr_line' id='line_1_18' title="bbox 534 2296 1583 2396; baseline -0.007 -15"><span class='ocrx_word' id='word_1_122' title='bbox 534 2315 633 2385; x_wconf 79' lang='lat' dir='ltr'>tem,</span> <span class='ocrx_word' id='word_1_123' title='bbox 651 2301 686 2373; x_wconf 71' lang='grc' dir='ltr'><strong>ἃ</strong></span> <span class='ocrx_word' id='word_1_124' title='bbox 705 2296 982 2381; x_wconf 84' lang='lat' dir='ltr'>confirmatum,</span> <span class='ocrx_word' id='word_1_125' title='bbox 996 2299 1155 2390; x_wconf 83' lang='lat' dir='ltr'>illiusque</span> <span class='ocrx_word' id='word_1_126' title='bbox 1183 2319 1340 2396; x_wconf 83' lang='lat' dir='ltr'>patrem,</span> <span class='ocrx_word' id='word_1_127' title='bbox 1358 2323 1398 2375; x_wconf 91' lang='lat' dir='ltr'>ac</span> <span class='ocrx_word' id='word_1_128' title='bbox 1412 2318 1583 2389; x_wconf 85' lang='lat' dir='ltr'>martem,</span> 
     </span>
     <span class='ocr_line' id='line_1_19' title="bbox 533 2398 1585 2495; baseline -0.011 -16"><span class='ocrx_word' id='word_1_129' title='bbox 533 2424 577 2479; x_wconf 77' lang='lat' dir='ltr'>ac</span> <span class='ocrx_word' id='word_1_130' title='bbox 601 2415 783 2480; x_wconf 86' lang='lat' dir='ltr'>tenentem</span> <span class='ocrx_word' id='word_1_131' title='bbox 806 2423 879 2477; x_wconf 90' lang='lat' dir='ltr'>non</span> <span class='ocrx_word' id='word_1_132' title='bbox 896 2398 1037 2495; x_wconf 84' lang='lat' dir='ltr'>egredi,</span> <span class='ocrx_word' id='word_1_133' title='bbox 1051 2399 1189 2480; x_wconf 74' lang='lat' dir='ltr'>subdita</span> <span class='ocrx_word' id='word_1_134' title='bbox 1218 2398 1371 2472; x_wconf 80' lang='lat' dir='ltr'>Omnibus</span> <span class='ocrx_word' id='word_1_135' title='bbox 1394 2403 1585 2474; x_wconf 70' lang='lat' dir='ltr'>interutras</span> 
     </span>
     <span class='ocr_line' id='line_1_20' title="bbox 533 2495 1588 2600; baseline 0 -32"><span class='ocrx_word' id='word_1_136' title='bbox 533 2495 685 2600; x_wconf 78' lang='lat' dir='ltr'>personas</span> <span class='ocrx_word' id='word_1_137' title='bbox 706 2499 802 2591; x_wconf 81' lang='lat' dir='ltr'>bojas</span> <span class='ocrx_word' id='word_1_138' title='bbox 821 2496 1008 2586; x_wconf 68' lang='lat' dir='ltr'>spiritualis</span> <span class='ocrx_word' id='word_1_139' title='bbox 1028 2503 1229 2591; x_wconf 83' lang='lat' dir='ltr'>cognationis</span> <span class='ocrx_word' id='word_1_140' title='bbox 1252 2500 1493 2589; x_wconf 71' lang='lat' dir='ltr'>impedimento</span> <span class='ocrx_word' id='word_1_141' title='bbox 1517 2525 1588 2572; x_wconf 82' lang='lat' dir='ltr'>om.</span> 
     </span>
     <span class='ocr_line' id='line_1_21' title="bbox 534 2596 1584 2695; baseline 0.001 -22"><span class='ocrx_word' id='word_1_142' title='bbox 534 2603 614 2673; x_wconf 86' lang='lat' dir='ltr'>nino</span> <span class='ocrx_word' id='word_1_143' title='bbox 632 2596 781 2686; x_wconf 73' lang='lat' dir='ltr'>sublatis.</span> <span class='ocrx_word' id='word_1_144' title='bbox 807 2602 926 2695; x_wconf 84' lang='lat' dir='ltr'>Atque</span> <span class='ocrx_word' id='word_1_145' title='bbox 941 2600 988 2674; x_wconf 91' lang='lat' dir='ltr'>ita</span> <span class='ocrx_word' id='word_1_146' title='bbox 1007 2602 1111 2676; x_wconf 92' lang='lat' dir='ltr'>etiam</span> <span class='ocrx_word' id='word_1_147' title='bbox 1127 2598 1307 2694; x_wconf 88' lang='lat' dir='ltr'>respoudit</span> <span class='ocrx_word' id='word_1_148' title='bbox 1326 2598 1414 2673; x_wconf 92' lang='lat' dir='ltr'>olim</span> <span class='ocrx_word' id='word_1_149' title='bbox 1436 2598 1471 2674; x_wconf 80' lang='lat' dir='ltr'>S·</span> <span class='ocrx_word' id='word_1_150' title='bbox 1484 2603 1584 2679; x_wconf 84' lang='lat' dir='ltr'>Con-</span> 
     </span>
     <span class='ocr_line' id='line_1_22' title="bbox 536 2696 1586 2797; baseline 0 -21"><span class='ocrx_word' id='word_1_151' title='bbox 536 2703 700 2797; x_wconf 85' lang='lat' dir='ltr'>gregatio</span> <span class='ocrx_word' id='word_1_152' title='bbox 713 2697 865 2777; x_wconf 86' lang='lat' dir='ltr'>Concilli</span> <span class='ocrx_word' id='word_1_153' title='bbox 888 2703 1070 2795; x_wconf 82' lang='lat' dir='ltr'>interpres.</span> <span class='ocrx_word' id='word_1_154' title='bbox 1101 2696 1350 2796; x_wconf 85' lang='lat' dir='ltr'>Quamobrem</span> <span class='ocrx_word' id='word_1_155' title='bbox 1370 2721 1453 2772; x_wconf 92' lang='lat' dir='ltr'>cum</span> <span class='ocrx_word' id='word_1_156' title='bbox 1472 2701 1586 2776; x_wconf 82' lang='lat' dir='ltr'>insana</span> 
     </span>
     <span class='ocr_line' id='line_1_23' title="bbox 535 2797 1586 2895; baseline -0.002 -18"><span class='ocrx_word' id='word_1_157' title='bbox 535 2802 637 2877; x_wconf 89' lang='lat' dir='ltr'>domi</span> <span class='ocrx_word' id='word_1_158' title='bbox 657 2802 705 2878; x_wconf 92' lang='lat' dir='ltr'>ob</span> <span class='ocrx_word' id='word_1_159' title='bbox 734 2801 859 2878; x_wconf 86' lang='lat' dir='ltr'>mortis</span> <span class='ocrx_word' id='word_1_160' title='bbox 892 2800 1088 2895; x_wconf 88' lang='lat' dir='ltr'>periculum</span> <span class='ocrx_word' id='word_1_161' title='bbox 1124 2802 1315 2875; x_wconf 87' lang='lat' dir='ltr'>imminens</span> <span class='ocrx_word' id='word_1_162' title='bbox 1355 2797 1586 2892; x_wconf 85' lang='lat' dir='ltr'>baptizatus,</span> 
     </span>
     <span class='ocr_line' id='line_1_24' title="bbox 535 2896 1588 3002; baseline -0.002 -25"><span class='ocrx_word' id='word_1_163' title='bbox 535 2898 770 3002; x_wconf 91' lang='lat' dir='ltr'>postmodum</span> <span class='ocrx_word' id='word_1_164' title='bbox 788 2899 830 2973; x_wconf 91' lang='lat' dir='ltr'>ad</span> <span class='ocrx_word' id='word_1_165' title='bbox 855 2898 1042 2981; x_wconf 77' lang='lat' dir='ltr'>Ecclesiam</span> <span class='ocrx_word' id='word_1_166' title='bbox 1068 2898 1248 2983; x_wconf 83' lang='lat' dir='ltr'>desertor,</span> <span class='ocrx_word' id='word_1_167' title='bbox 1272 2915 1312 2978; x_wconf 91' lang='lat' dir='ltr'>ut</span> <span class='ocrx_word' id='word_1_168' title='bbox 1332 2896 1502 2974; x_wconf 82' lang='lat' dir='ltr'>solemnes</span> <span class='ocrx_word' id='word_1_169' title='bbox 1522 2898 1588 2975; x_wconf 89' lang='lat' dir='ltr'>Ba·</span> 
     </span>
     <span class='ocr_line' id='line_1_25' title="bbox 535 2999 1586 3099; baseline 0.002 -26"><span class='ocrx_word' id='word_1_170' title='bbox 535 3000 652 3099; x_wconf 88' lang='lat' dir='ltr'>prismi</span> <span class='ocrx_word' id='word_1_171' title='bbox 680 3001 899 3078; x_wconf 83' lang='lat' dir='ltr'>caeremoniae</span> <span class='ocrx_word' id='word_1_172' title='bbox 922 3000 1170 3096; x_wconf 83' lang='lat' dir='ltr'>suppleantur,</span> <span class='ocrx_word' id='word_1_173' title='bbox 1193 3022 1342 3095; x_wconf 89' lang='lat' dir='ltr'>quarum</span> <span class='ocrx_word' id='word_1_174' title='bbox 1365 3021 1433 3081; x_wconf 91' lang='lat' dir='ltr'>una</span> <span class='ocrx_word' id='word_1_175' title='bbox 1456 2999 1586 3075; x_wconf 86' lang='lat' dir='ltr'>dicitur</span> 
     </span>
     <span class='ocr_line' id='line_1_26' title="bbox 471 3097 1585 3184; baseline 0 -9"><span class='ocrx_word' id='word_1_176' title='bbox 471 3167 481 3183; x_wconf 85' lang='grc'><strong>.</strong></span> <span class='ocrx_word' id='word_1_177' title='bbox 536 3099 920 3184; x_wconf 79' lang='lat' dir='ltr'>catechismus,s1alii</span> <span class='ocrx_word' id='word_1_178' title='bbox 946 3097 1075 3175; x_wconf 88' lang='lat' dir='ltr'>Patrini</span> <span class='ocrx_word' id='word_1_179' title='bbox 1100 3098 1143 3175; x_wconf 88' lang='lat' dir='ltr'>ad</span> <span class='ocrx_word' id='word_1_180' title='bbox 1172 3100 1232 3173; x_wconf 87' lang='lat' dir='ltr'>has</span> <span class='ocrx_word' id='word_1_181' title='bbox 1259 3101 1514 3180; x_wconf 81' lang='lat' dir='ltr'>caeremonias,</span> <span class='ocrx_word' id='word_1_182' title='bbox 1547 3103 1585 3175; x_wconf 69' lang='lat' dir='ltr'>Sc</span> 
     </span>
     <span class='ocr_line' id='line_1_27' title="bbox 534 3198 1585 3295; baseline -0.004 -19"><span class='ocrx_word' id='word_1_183' title='bbox 534 3201 580 3282; x_wconf 78' lang='lat' dir='ltr'>sd</span> <span class='ocrx_word' id='word_1_184' title='bbox 605 3224 738 3275; x_wconf 90' lang='lat' dir='ltr'>nomen</span> <span class='ocrx_word' id='word_1_185' title='bbox 765 3224 877 3293; x_wconf 84' lang='lat' dir='ltr'>puero</span> <span class='ocrx_word' id='word_1_186' title='bbox 900 3199 1163 3291; x_wconf 90' lang='lat' dir='ltr'>imponendum</span> <span class='ocrx_word' id='word_1_187' title='bbox 1190 3198 1447 3279; x_wconf 88' lang='lat' dir='ltr'>adhibeantur,</span> <span class='ocrx_word' id='word_1_188' title='bbox 1476 3223 1585 3295; x_wconf 84' lang='lat' dir='ltr'>quana</span> 
     </span>
     <span class='ocr_line' id='line_1_28' title="bbox 537 3296 1581 3401; baseline -0.003 -24"><span class='ocrx_word' id='word_1_189' title='bbox 537 3304 601 3396; x_wconf 83' lang='lat' dir='ltr'>qui</span> <span class='ocrx_word' id='word_1_190' title='bbox 625 3324 775 3401; x_wconf 88' lang='lat' dir='ltr'>puerum</span> <span class='ocrx_word' id='word_1_191' title='bbox 800 3303 834 3374; x_wconf 91' lang='lat' dir='ltr'>in</span> <span class='ocrx_word' id='word_1_192' title='bbox 866 3296 1045 3395; x_wconf 85' lang='lat' dir='ltr'>Baptismo</span> <span class='ocrx_word' id='word_1_193' title='bbox 1071 3300 1172 3397; x_wconf 85' lang='lat' dir='ltr'>domi</span> <span class='ocrx_word' id='word_1_194' title='bbox 1200 3297 1332 3374; x_wconf 86' lang='lat' dir='ltr'>collato</span> <span class='ocrx_word' id='word_1_195' title='bbox 1368 3311 1581 3381; x_wconf 86' lang='lat' dir='ltr'>tenuerunt,</span> 
     </span>
     <span class='ocr_line' id='line_1_29' title="bbox 535 3395 1583 3496; baseline -0.003 -18"><span class='ocrx_word' id='word_1_196' title='bbox 535 3401 628 3478; x_wconf 88' lang='lat' dir='ltr'>inter</span> <span class='ocrx_word' id='word_1_197' title='bbox 655 3424 739 3481; x_wconf 78' lang='lat' dir='ltr'>eos,</span> <span class='ocrx_word' id='word_1_198' title='bbox 763 3401 799 3472; x_wconf 73' lang='lat' dir='ltr'>st·</span> <span class='ocrx_word' id='word_1_199' title='bbox 818 3422 995 3496; x_wconf 68' lang='lat' dir='ltr'>puerum,</span> <span class='ocrx_word' id='word_1_200' title='bbox 1019 3399 1162 3496; x_wconf 87' lang='lat' dir='ltr'>ejusque</span> <span class='ocrx_word' id='word_1_201' title='bbox 1187 3412 1348 3492; x_wconf 78' lang='lat' dir='ltr'>patrem,</span> <span class='ocrx_word' id='word_1_202' title='bbox 1373 3395 1409 3469; x_wconf 68' lang='grc' dir='ltr'>ἃ</span> <span class='ocrx_word' id='word_1_203' title='bbox 1434 3414 1583 3475; x_wconf 89' lang='lat' dir='ltr'>matrem</span> 
     </span>
    </p>
   </div>
   <div class='ocr_carea' id='block_1_3' title="bbox 259 3496 1272 3605">
    <p class='ocr_par' dir='ltr' id='par_1_3' title="bbox 259 3496 1272 3605">
     <span class='ocr_line' id='line_1_30' title="bbox 259 3496 1272 3605; baseline -0.02 -21"><span class='ocrx_word' id='word_1_204' title='bbox 259 3503 262 3514; x_wconf 83' lang='grc'><strong>’</strong></span> <span class='ocrx_word' id='word_1_205' title='bbox 393 3592 398 3605; x_wconf 36' lang='lat'><strong><em>¹</em></strong></span> <span class='ocrx_word' id='word_1_206' title='bbox 534 3523 611 3580; x_wconf 84' lang='lat' dir='ltr'>non</span> <span class='ocrx_word' id='word_1_207' title='bbox 635 3500 858 3578; x_wconf 87' lang='lat' dir='ltr'>contrahitur</span> <span class='ocrx_word' id='word_1_208' title='bbox 882 3504 1056 3589; x_wconf 58' lang='lat' dir='ltr'>cognatio</span> <span class='ocrx_word' id='word_1_209' title='bbox 1081 3496 1272 3591; x_wconf 86' lang='lat' dir='ltr'>spiritualis.</span> 
     </span>
    </p>
   </div>
   <div class='ocr_carea' id='block_1_4' title="bbox 531 3594 1585 4078">
    <p class='ocr_par' dir='ltr' id='par_1_4' title="bbox 531 3594 1585 4078">
     <span class='ocr_line' id='line_1_31' title="bbox 588 3594 1584 3696; baseline -0.006 -20"><span class='ocrx_word' id='word_1_210' title='bbox 588 3599 777 3696; x_wconf 88' lang='lat' dir='ltr'>Superest,</span> <span class='ocrx_word' id='word_1_211' title='bbox 799 3616 839 3681; x_wconf 90' lang='lat' dir='ltr'>ut</span> <span class='ocrx_word' id='word_1_212' title='bbox 863 3595 1034 3691; x_wconf 78' lang='lat' dir='ltr'>figillatim</span> <span class='ocrx_word' id='word_1_213' title='bbox 1062 3596 1106 3670; x_wconf 89' lang='lat' dir='ltr'>de</span> <span class='ocrx_word' id='word_1_214' title='bbox 1131 3596 1392 3691; x_wconf 85' lang='lat' dir='ltr'>impedimentis</span> <span class='ocrx_word' id='word_1_215' title='bbox 1417 3594 1584 3670; x_wconf 89' lang='lat' dir='ltr'>dirimen-</span> 
     </span>
     <span class='ocr_line' id='line_1_32' title="bbox 535 3690 1581 3796; baseline 0.001 -24"><span class='ocrx_word' id='word_1_216' title='bbox 535 3701 630 3779; x_wconf 85' lang='lat' dir='ltr'>tibus</span> <span class='ocrx_word' id='word_1_217' title='bbox 654 3721 799 3796; x_wconf 85' lang='lat' dir='ltr'>agamus</span> <span class='ocrx_word' id='word_1_218' title='bbox 818 3752 827 3776; x_wconf 83' lang='lat'><strong>.</strong></span> <span class='ocrx_word' id='word_1_219' title='bbox 848 3698 1019 3795; x_wconf 84' lang='lat' dir='ltr'>certisque</span> <span class='ocrx_word' id='word_1_220' title='bbox 1045 3690 1191 3790; x_wconf 81' lang='lat' dir='ltr'>Regulis</span> <span class='ocrx_word' id='word_1_221' title='bbox 1227 3695 1470 3785; x_wconf 81' lang='lat' dir='ltr'>explicemus,</span> <span class='ocrx_word' id='word_1_222' title='bbox 1493 3695 1581 3793; x_wconf 89' lang='lat' dir='ltr'>quid</span> 
     </span>
     <span class='ocr_line' id='line_1_33' title="bbox 535 3793 1581 3892; baseline -0.004 -19"><span class='ocrx_word' id='word_1_223' title='bbox 535 3799 793 3873; x_wconf 83' lang='lat' dir='ltr'>observandum</span> <span class='ocrx_word' id='word_1_224' title='bbox 814 3795 853 3869; x_wconf 85' lang='lat' dir='ltr'>srt</span> <span class='ocrx_word' id='word_1_225' title='bbox 878 3796 1069 3871; x_wconf 89' lang='lat' dir='ltr'>secundum</span> <span class='ocrx_word' id='word_1_226' title='bbox 1100 3818 1203 3872; x_wconf 66' lang='lat' dir='ltr'>cana,</span> <span class='ocrx_word' id='word_1_227' title='bbox 1223 3815 1303 3892; x_wconf 82' lang='lat' dir='ltr'>quae</span> <span class='ocrx_word' id='word_1_228' title='bbox 1330 3816 1426 3870; x_wconf 89' lang='lat' dir='ltr'>nunc</span> <span class='ocrx_word' id='word_1_229' title='bbox 1452 3797 1488 3869; x_wconf 90' lang='lat' dir='ltr'>in</span> <span class='ocrx_word' id='word_1_230' title='bbox 1516 3793 1581 3869; x_wconf 87' lang='lat' dir='ltr'>Ec·</span> 
     </span>
     <span class='ocr_line' id='line_1_34' title="bbox 534 3893 1580 3993; baseline -0.012 -18"><span class='ocrx_word' id='word_1_231' title='bbox 534 3898 634 3975; x_wconf 84' lang='lat' dir='ltr'>clesra</span> <span class='ocrx_word' id='word_1_232' title='bbox 655 3902 774 3993; x_wconf 76' lang='lat' dir='ltr'>viget,</span> <span class='ocrx_word' id='word_1_233' title='bbox 796 3895 1023 3991; x_wconf 83' lang='lat' dir='ltr'>disciplinam.</span> <span class='ocrx_word' id='word_1_234' title='bbox 1049 3895 1233 3985; x_wconf 88' lang='lat' dir='ltr'>Quoniam</span> <span class='ocrx_word' id='word_1_235' title='bbox 1254 3916 1339 3970; x_wconf 88' lang='lat' dir='ltr'>vero</span> <span class='ocrx_word' id='word_1_236' title='bbox 1363 3893 1407 3966; x_wconf 90' lang='lat' dir='ltr'>de</span> <span class='ocrx_word' id='word_1_237' title='bbox 1429 3896 1580 3985; x_wconf 87' lang='lat' dir='ltr'>impedi.</span> 
     </span>
     <span class='ocr_line' id='line_1_35' title="bbox 531 3992 1585 4078; baseline -0.005 -4"><span class='ocrx_word' id='word_1_238' title='bbox 531 4014 660 4074; x_wconf 74' lang='lat' dir='ltr'>orento</span> <span class='ocrx_word' id='word_1_239' title='bbox 683 3997 881 4078; x_wconf 71' lang='lat' dir='ltr'>violentie,</span> <span class='ocrx_word' id='word_1_240' title='bbox 897 3998 933 4069; x_wconf 74' lang='grc' dir='ltr'>δι</span> <span class='ocrx_word' id='word_1_241' title='bbox 958 4007 1056 4075; x_wconf 88' lang='lat' dir='ltr'>metu</span> <span class='ocrx_word' id='word_1_242' title='bbox 1081 3998 1254 4072; x_wconf 89' lang='lat' dir='ltr'>invirum</span> <span class='ocrx_word' id='word_1_243' title='bbox 1283 3992 1503 4070; x_wconf 87' lang='lat' dir='ltr'>constantem</span> <span class='ocrx_word' id='word_1_244' title='bbox 1527 4019 1585 4069; x_wconf 83' lang='lat' dir='ltr'>ca-</span> 
     </span>
    </p>
   </div>
   <div class='ocr_carea' id='block_1_5' title="bbox 405 4093 1581 4189">
    <p class='ocr_par' dir='ltr' id='par_1_5' title="bbox 405 4093 1581 4189">
     <span class='ocr_line' id='line_1_36' title="bbox 405 4093 1581 4189; baseline -0.001 -17"><span class='ocrx_word' id='word_1_245' title='bbox 405 4105 407 4110; x_wconf 83' lang='lat'>&#39;</span> <span class='ocrx_word' id='word_1_246' title='bbox 531 4099 659 4181; x_wconf 88' lang='lat' dir='ltr'>dente,</span> <span class='ocrx_word' id='word_1_247' title='bbox 684 4099 720 4171; x_wconf 72' lang='grc' dir='ltr'>δι</span> <span class='ocrx_word' id='word_1_248' title='bbox 739 4121 757 4174; x_wconf 90' lang='lat' dir='ltr'>a</span> <span class='ocrx_word' id='word_1_249' title='bbox 773 4093 870 4173; x_wconf 83' lang='lat' dir='ltr'>causa</span> <span class='ocrx_word' id='word_1_250' title='bbox 887 4110 1054 4171; x_wconf 80' lang='lat' dir='ltr'>extranea</span> <span class='ocrx_word' id='word_1_251' title='bbox 1071 4093 1207 4172; x_wconf 89' lang='lat' dir='ltr'>incusso</span> <span class='ocrx_word' id='word_1_252' title='bbox 1224 4096 1266 4168; x_wconf 88' lang='lat' dir='ltr'>ad</span> <span class='ocrx_word' id='word_1_253' title='bbox 1289 4094 1581 4189; x_wconf 79' lang='lat' dir='ltr'>extorquendum</span> 
     </span>
    </p>
   </div>
   <div class='ocr_carea' id='block_1_6' title="bbox 519 4193 1581 4677">
    <p class='ocr_par' dir='ltr' id='par_1_6' title="bbox 519 4193 1581 4677">
     <span class='ocr_line' id='line_1_37' title="bbox 531 4193 1581 4288; baseline -0.007 -14"><span class='ocrx_word' id='word_1_254' title='bbox 531 4194 741 4274; x_wconf 84' lang='lat' dir='ltr'>consensum</span> <span class='ocrx_word' id='word_1_255' title='bbox 772 4198 807 4270; x_wconf 92' lang='lat' dir='ltr'>in</span> <span class='ocrx_word' id='word_1_256' title='bbox 836 4196 1103 4271; x_wconf 74' lang='lat' dir='ltr'>nronimoniun</span> <span class='ocrx_word' id='word_1_257' title='bbox 1137 4196 1278 4272; x_wconf 88' lang='lat' dir='ltr'>abunde</span> <span class='ocrx_word' id='word_1_258' title='bbox 1302 4193 1456 4269; x_wconf 86' lang='lat' dir='ltr'>diximus</span> <span class='ocrx_word' id='word_1_259' title='bbox 1488 4218 1527 4288; x_wconf 83' lang='lat' dir='ltr'>q.</span> <span class='ocrx_word' id='word_1_260' title='bbox 1545 4212 1581 4267; x_wconf 85' lang='lat' dir='ltr'>a.</span> 
     </span>
     <span class='ocr_line' id='line_1_38' title="bbox 519 4291 1578 4384; baseline 0.003 -12"><span class='ocrx_word' id='word_1_261' title='bbox 519 4292 568 4373; x_wconf 66' lang='lat' dir='ltr'>&#39;ln</span> <span class='ocrx_word' id='word_1_262' title='bbox 587 4319 637 4370; x_wconf 80' lang='lat' dir='ltr'>ar.</span> <span class='ocrx_word' id='word_1_263' title='bbox 651 4313 681 4364; x_wconf 80' lang='lat'>1.</span> <span class='ocrx_word' id='word_1_264' title='bbox 705 4294 955 4384; x_wconf 79' lang='lat' dir='ltr'>Consesiariis3</span> <span class='ocrx_word' id='word_1_265' title='bbox 973 4298 1057 4369; x_wconf 86' lang='lat' dir='ltr'>item</span> <span class='ocrx_word' id='word_1_266' title='bbox 1079 4293 1125 4370; x_wconf 92' lang='lat' dir='ltr'>de</span> <span class='ocrx_word' id='word_1_267' title='bbox 1143 4292 1312 4370; x_wconf 87' lang='lat' dir='ltr'>consensu</span> <span class='ocrx_word' id='word_1_268' title='bbox 1336 4291 1578 4375; x_wconf 63' lang='lat' dir='ltr'>clandestino,</span> 
     </span>
     <span class='ocr_line' id='line_1_39' title="bbox 530 4391 1580 4492; baseline -0.008 -18"><span class='ocrx_word' id='word_1_269' title='bbox 530 4412 645 4474; x_wconf 74' lang='lat' dir='ltr'>art-2.</span> <span class='ocrx_word' id='word_1_270' title='bbox 668 4397 822 4490; x_wconf 87' lang='lat' dir='ltr'>ejusdem</span> <span class='ocrx_word' id='word_1_271' title='bbox 849 4417 909 4491; x_wconf 83' lang='lat' dir='ltr'>qu·</span> <span class='ocrx_word' id='word_1_272' title='bbox 948 4391 1119 4492; x_wconf 80' lang='lat' dir='ltr'>Proposrt</span> <span class='ocrx_word' id='word_1_273' title='bbox 1142 4417 1171 4467; x_wconf 83' lang='grc' dir='ltr'>ι.</span> <span class='ocrx_word' id='word_1_274' title='bbox 1204 4411 1237 4464; x_wconf 82' lang='lat'>2.</span> <span class='ocrx_word' id='word_1_275' title='bbox 1261 4395 1303 4468; x_wconf 70' lang='grc' dir='ltr'>δι-</span> <span class='ocrx_word' id='word_1_276' title='bbox 1321 4408 1356 4483; x_wconf 85' lang='lat'>3.</span> <span class='ocrx_word' id='word_1_277' title='bbox 1390 4393 1424 4467; x_wconf 85' lang='lat'>&amp;</span> <span class='ocrx_word' id='word_1_278' title='bbox 1454 4397 1488 4468; x_wconf 92' lang='lat' dir='ltr'>in</span> <span class='ocrx_word' id='word_1_279' title='bbox 1514 4412 1580 4469; x_wconf 85' lang='lat' dir='ltr'>arr.</span> 
     </span>
     <span class='ocr_line' id='line_1_40' title="bbox 528 4491 1576 4603; baseline -0.009 -27"><span class='ocrx_word' id='word_1_280' title='bbox 528 4493 778 4586; x_wconf 83' lang='lat' dir='ltr'>Consetiariis,</span> <span class='ocrx_word' id='word_1_281' title='bbox 798 4496 866 4574; x_wconf 79' lang='lat' dir='ltr'>ire</span> <span class='ocrx_word' id='word_1_282' title='bbox 887 4491 1036 4594; x_wconf 83' lang='lat' dir='ltr'>Regulis</span> <span class='ocrx_word' id='word_1_283' title='bbox 1059 4497 1198 4601; x_wconf 78' lang='lat' dir='ltr'>praxim</span> <span class='ocrx_word' id='word_1_284' title='bbox 1217 4494 1471 4603; x_wconf 60' lang='lat' dir='ltr'>spectantibum</span> <span class='ocrx_word' id='word_1_285' title='bbox 1487 4491 1576 4569; x_wconf 84' lang='lat' dir='ltr'>nihil</span> 
     </span>
     <span class='ocr_line' id='line_1_41' title="bbox 1454 4608 1524 4677; baseline -0.086 0"><span class='ocrx_word' id='word_1_286' title='bbox 1454 4608 1524 4677; x_wconf 70' lang='lat' dir='ltr'>ssa·</span> 
     </span>
    </p>
   </div>
   <div class='ocr_carea' id='block_1_7' title="bbox 0 0 1854 5425">
    <p class='ocr_par' dir='ltr' id='par_1_7' title="bbox 0 0 1854 5425">
     <span class='ocr_line' id='line_1_42' title="bbox 0 0 1854 5425; baseline 0 1"><span class='ocrx_word' id='word_1_287' title='bbox 0 0 1854 5425; x_wconf 95' lang='lat' dir='ltr'> </span> 
     </span>
    </p>
   </div>
  </div>
 </body>
</html>
