3700 5425
229 3300 238 3325 r
349 3268 466 3344 ptizans
566 3240 589 3312 Ρ

270 4360 336 4562 Ἰ

561 382 645 464 aas
735 359 889 454 Theoi.
907 363 1021 476 Dog·
1051 361 1263 482 &Morus
1285 364 1376 459 Lib.
1406 367 1463 467 IL

559 532 816 630 suscipiendum
835 518 1052 629 baptizatum
1067 558 1086 610 a
1104 537 1303 627 parentibus
1323 536 1470 627 elesius,
1493 543 1604 633 &da-

557 634 712 740 fignatus
734 634 809 718 eii,
834 635 1009 710 &eorum
1041 638 1189 711 nomine
1208 637 1320 733 ipsum
1341 637 1490 737 sut'cipit.

835 787 1160 876 REGULA
1206 788 1327 881 ΧΗ.

558 947 733 1046 Quamvis
750 950 826 1046 iure
839 950 1025 1024 communi
1045 946 1195 1026 vetitum
1214 947 1273 1030 sit,
1292 974 1337 1028 ne
1357 951 1473 1051 plures
1489 959 1602 1063 bapti.

607 1068 728 1125 zatum
751 1051 796 1125 de
821 1046 918 1136 [acro
944 1044 1056 1122 Fonte
1086 1045 1295 1141 suscipiant,
1324 1049 1378 1126 sed
1408 1079 1499 1134 unus
1524 1082 1602 1148 tan.

609 1164 708 1231 tum.
728 1148 763 1223 dt
786 1171 854 1225 una
872 1145 1040 1239 suscipere
1057 1144 1226 1232 debeant,
1246 1149 1435 1234 secundum
1449 1155 1600 1243 Triden.

608 1250 673 1322 tini
691 1245 841 1324 Concilii
863 1244 1082 1353 Decretum
1102 1243 1127 1319 fi
1146 1260 1262 1322 tamen
1288 1250 1402 1341 piures
1428 1256 1599 1355 defignati

608 1346 843 1440 susceperint,
862 1346 897 1438 de
914 1348 1110 1440 tetigerint,
1125 1368 1191 1430 nac
1209 1365 1392 1445 appareat,
1411 1359 1488 1457 quis
1501 1367 1598 1453 prior

609 1446 652 1522 srt
674 1446 893 1541 designatus,
921 1445 1142 1520 contrahunt
1175 1468 1301 1522 omnes
1342 1460 1597 1547 cognationem

606 1546 930 1643 spiritualemque
946 1545 1210 1622 matrimonium
1223 1548 1391 1642 impedit,
1402 1574 1444 1636 ac
1455 1556 1599 1648 dirimit,

559 1674 681 1837 Istud
701 1674 837 1750 constat
854 1697 901 1750 ex
914 1695 991 1769 cap.
1016 1669 1213 1772 Qamvr's,
1231 1669 1304 1758 Tit.
1332 1679 1385 1746 De
1403 1684 1598 1772 (agnatione

619 1775 803 1870 spirituaii,
827 1776 860 1846 in
887 1772 996 1859 sexto·
1023 1774 1139 1871 Atque
1161 1773 1206 1854 ita
1227 1773 1406 1867 respondit
1433 1781 1597 1883 Congre-

557 1876 658 1983 gatio
687 1871 837 1952 Concilii
863 1870 1063 1957 Tridentini
1094 1877 1296 1967 interpres,
1340 1876 1510 1957 referente
1532 1888 1596 1955 fa.

554 1996 662 2078 griano
674 1961 690 2054 ‚³
698 1976 735 2058 in
746 1993 824 2072 pap.
836 1972 888 2042 Ex
898 1972 1029 2060 literis,
1047 1972 1125 2058 Εχῑ,
1147 1976 1404 2065 Decognarrorre
1415 1983 1594 2071 spirituali,

810 2124 1131 2219 REGULA
1181 2123 1326 2213 XIII.

552 2275 592 2372 si
624 2288 701 2388 quir
725 2287 910 2387 proprium
932 2281 1041 2370 filium
1079 2305 1126 2368 ex
1152 2282 1307 2382 legitima
1335 2309 1450 2370 uxore
1484 2291 1593 2374 sirice.

604 2409 733 2484 ptum,
758 2390 794 2463 in
814 2400 979 2467 extremo
1000 2387 1078 2460 vitae
1099 2386 1257 2475 periculo
1282 2391 1514 2472 constitutum
1532 2399 1591 2471 ba.

592 2489 814 2592 ptizaverit.
833 2506 915 2566 cum
932 2506 1004 2558 non
1017 2480 1215 2567 eisetaiius,
1236 2489 1297 2584 qui
1318 2488 1493 2582 baptizare
1514 2499 1595 2588 pos.

601 2585 672 2671 set,
692 2584 871 2683 spiritualis
886 2586 1059 2678 coguatio
1071 2583 1335 2666 matrimonium
1350 2610 1423 2661 non
1437 2591 1593 2679 dirimit,

495 2705 500 2714 ·
603 2701 664 2769 aut
678 2689 777 2779 utiam
796 2684 870 2778 ejus
893 2682 1065 2779 inapedim
1085 2697 1121 2757 at
1139 2682 1162 2759 fi
1177 2681 1350 2782 susceptus
1374 2685 1414 2763 fit
1434 2714 1479 2765 ex
1502 2715 1591 2769 con·

602 2787 750 2868 cubitia,
774 2784 822 2858 eit
843 2785 1138 2884 impedimentum
1172 2784 1365 2880 prohibens
1409 2796 1593 2870 matrimo-

604 2891 703 2962 nium
729 2906 812 2959 cum
833 2883 910 2962 ilia»
931 2880 1165 2978 diripiensque
1190 2884 1424 2966 contractum.

348 3035 519 3107 rotarentur
553 3018 697 3176 Haec
719 3012 858 3110 Regula
885 3012 1003 3128 quoad
1035 3014 1184 3109 primam
1213 3025 1348 3106 partem
1367 3014 1497 3126 nititur
1522 3009 1592 3091 Ca·

349 3116 498 3190 proriam
664 3139 761 3192 none
794 3116 848 3185 Ad
872 3111 1012 3196 irmina,
1031 3110 1130 3209 quod
1163 3109 1211 3185 est
1239 3111 1502 3196 JoaaernisVlll.
1537 3136 1592 3188 re.

348 3135 464 3265 profem
486 3189 571 3291 b³¹·s
592 3214 745 3299 onium,
774 3209 924 3299 anselmo
947 3207 1190 3286 Lemovicensi
1226 3205 1401 3305 Episcopo
1437 3212 1589 3299 datum,

347 3341 530 3403 contrahere·
552 3338 661 3410 quem
679 3311 928 3411 reprehendit,
947 3309 1046 3407 quod
1069 3315 1263 3399 Stapoanum
1285 3308 1505 3405 quemdam·
1527 3317 1590 3421 qui

349 3433 412 3475 1¹0ss
432 3415 525 3504 poten
552 3413 662 3488 fitium
698 3411 796 3487 suum
824 3412 932 3485 morti
966 3408 1172 3498 proximum
1202 3405 1461 3495 baptizaverat,
1484 3432 1503 3484 a
1530 3417 1588 3487 lua

348 3508 418 3635 ΝΤ
445 3490 710 3607 f⁰¹¹¹¹·conjoge
736 3527 923 3605 propteroa
957 3506 1186 3600 separandum
1214 3502 1404 3600 judicasset.
1433 3503 1587 3591 ‘Verum

349 3580 534 3640 ‘mm'
551 3609 787 3702 baptizando,
807 3607 861 3682 rel
888 3603 1104 3702 suscipiendo
1124 3603 1235 3679 filium
1255 3603 1357 3683 suurn
1376 3629 1421 3683 ex
1449 3628 1587 3683 concu-

549 3713 631 3786 bina
660 3708 847 3807 genitum.
873 3702 1081 3799 spiritualem
1117 3708 1386 3800 cognationem.
1412 3727 1494 3782 cum
1530 3706 1586 3784 iila

360 3842 381 3895 s
549 3807 755 3892 contrahit,
778 3827 857 3905 quae
890 3803 1157 3881 matrimonium
1186 3805 1334 3899 impedit
1374 3805 1587 3889 contrahen-

550 3909 659 3991 dum,
676 3908 712 3981 dr
732 3902 953 3981 contraitum
979 3903 1180 3994 dirimeret,
1202 3922 1242 3983 ut
1264 3902 1478 4000 respondent
1506 3907 1588 3975 Na·

484 4058 487 4065 .
548 4030 668 4083 varrus
694 4003 842 4081 consilio
858 4024 891 4091 ς.
935 4006 986 4072 De
1014 4007 1210 4093 Cognitione
1228 4000 1431 4094 spirituaii,
1461 4004 1497 4079 δι
1523 4008 1592 4075 fa·

543 4129 669 4205 gnanus
694 4108 729 4180 in
755 4125 832 4200 cap.
857 4106 892 4171 Si
911 4106 999 4187 vir,
1025 4102 1153 4176 eodem
1171 4098 1242 4175 Tit·
1280 4101 1386 4194 ΗΜ.
1416 4099 1589 4181 Decreta·

546 4210 655 4288 lium:
674 4202 864 4280 Rationem
889 4199 1094 4275 discriminis
1116 4199 1208 4274 hanc
1229 4198 1407 4280 afferunt,
1429 4205 1528 4302 quod
1547 4208 1585 4287 in

548 4312 662 4413 prima
685 4303 799 4410 specie
825 4303 996 4402 cognatio
1016 4298 1197 4405 spiritualia
1221 4303 1451 4389 mauritonio
1468 4304 1583 4394 tegiti-

992 4449 995 4457 ,
1472 4422 1533 4481 tue
