<?xml version="1.0" encoding="UTF-8"?>
<!DOCTYPE html PUBLIC "-//W3C//DTD XHTML 1.0 Transitional//EN"
    "http://www.w3.org/TR/xhtml1/DTD/xhtml1-transitional.dtd">
<html xmlns="http://www.w3.org/1999/xhtml" xml:lang="en" lang="en">
 <head>
  <title>
</title>
<meta http-equiv="Content-Type" content="text/html;charset=utf-8" />
  <meta name='ocr-system' content='tesseract 3.04.00' />
  <meta name='ocr-capabilities' content='ocr_page ocr_carea ocr_par ocr_line ocrx_word'/>
</head>
<body>
  <div class='ocr_page' id='page_1' title='image "./theologiadogmat05alexgoog_0632.png"; bbox 0 0 3700 5425; ppageno 0'>
   <div class='ocr_carea' id='block_1_1' title="bbox 472 504 1370 697">
    <p class='ocr_par' dir='ltr' id='par_1_1' title="bbox 472 504 1370 697">
     <span class='ocr_line' id='line_1_1' title="bbox 472 504 1370 697; baseline -0.008 -35"><span class='ocrx_word' id='word_1_1' title='bbox 472 504 579 663; x_wconf 23' lang='lat'>626¹¹</span> <span class='ocrx_word' id='word_1_2' title='bbox 646 562 804 659; x_wconf 77' lang='lat' dir='ltr'>Theoi.</span> <span class='ocrx_word' id='word_1_3' title='bbox 829 566 946 679; x_wconf 82' lang='lat' dir='ltr'>Dog.</span> <span class='ocrx_word' id='word_1_4' title='bbox 965 568 1008 657; x_wconf 79' lang='lat' dir='ltr'>bt</span> <span class='ocrx_word' id='word_1_5' title='bbox 1024 560 1173 657; x_wconf 81' lang='lat' dir='ltr'>Moral.</span> <span class='ocrx_word' id='word_1_6' title='bbox 1189 558 1370 697; x_wconf 79' lang='lat' dir='ltr'>Liblls·¹</span> 
     </span>
    </p>
   </div>
   <div class='ocr_carea' id='block_1_2' title="bbox 271 733 1543 4722">
    <p class='ocr_par' dir='ltr' id='par_1_2' title="bbox 473 733 1543 835">
     <span class='ocr_line' id='line_1_2' title="bbox 473 733 1543 835; baseline -0.007 -17"><span class='ocrx_word' id='word_1_7' title='bbox 473 737 567 818; x_wconf 87' lang='lat' dir='ltr'>ltern</span> <span class='ocrx_word' id='word_1_8' title='bbox 593 733 825 823; x_wconf 77' lang='lat' dir='ltr'>confessarii.</span> <span class='ocrx_word' id='word_1_9' title='bbox 855 741 916 835; x_wconf 90' lang='lat' dir='ltr'>qui</span> <span class='ocrx_word' id='word_1_10' title='bbox 948 758 1015 833; x_wconf 90' lang='lat' dir='ltr'>pro</span> <span class='ocrx_word' id='word_1_11' title='bbox 1040 736 1262 835; x_wconf 69' lang='lat' dir='ltr'>gravioribus</span> <span class='ocrx_word' id='word_1_12' title='bbox 1286 735 1448 829; x_wconf 80' lang='lat' dir='ltr'>peccatu</span> <span class='ocrx_word' id='word_1_13' title='bbox 1476 736 1543 825; x_wconf 62' lang='lat' dir='ltr'>ies,</span> 
     </span>
    </p>

    <p class='ocr_par' dir='ltr' id='par_1_3' title="bbox 475 834 1535 1136">
     <span class='ocr_line' id='line_1_3' title="bbox 475 834 1531 935; baseline -0.009 -21"><span class='ocrx_word' id='word_1_14' title='bbox 475 863 538 915; x_wconf 81' lang='lat' dir='ltr'>vet</span> <span class='ocrx_word' id='word_1_15' title='bbox 558 841 783 931; x_wconf 82' lang='lat' dir='ltr'>poenitentias</span> <span class='ocrx_word' id='word_1_16' title='bbox 805 842 1020 935; x_wconf 80' lang='lat' dir='ltr'>injungunt,</span> <span class='ocrx_word' id='word_1_17' title='bbox 1036 852 1097 913; x_wconf 89' lang='lat' dir='ltr'>aut</span> <span class='ocrx_word' id='word_1_18' title='bbox 1124 834 1397 913; x_wconf 79' lang='lat' dir='ltr'>Absolutionem</span> <span class='ocrx_word' id='word_1_19' title='bbox 1416 834 1531 913; x_wconf 86' lang='lat' dir='ltr'>sacra.</span> 
     </span>
     <span class='ocr_line' id='line_1_4' title="bbox 475 932 1535 1034; baseline -0.001 -20"><span class='ocrx_word' id='word_1_20' title='bbox 475 938 667 1014; x_wconf 83' lang='lat' dir='ltr'>mentalem</span> <span class='ocrx_word' id='word_1_21' title='bbox 691 960 767 1013; x_wconf 91' lang='lat' dir='ltr'>non</span> <span class='ocrx_word' id='word_1_22' title='bbox 790 938 881 1015; x_wconf 71' lang='lat' dir='ltr'>recte</span> <span class='ocrx_word' id='word_1_23' title='bbox 906 936 1077 1034; x_wconf 81' lang='lat' dir='ltr'>dispositis</span> <span class='ocrx_word' id='word_1_24' title='bbox 1100 936 1322 1033; x_wconf 88' lang='lat' dir='ltr'>impertiunt.</span> <span class='ocrx_word' id='word_1_25' title='bbox 1349 932 1535 1033; x_wconf 72' lang='lat' dir='ltr'>Denique¹</span> 
     </span>
     <span class='ocr_line' id='line_1_5' title="bbox 476 1032 1528 1136; baseline 0.001 -23"><span class='ocrx_word' id='word_1_26' title='bbox 476 1038 674 1113; x_wconf 80' lang='lat' dir='ltr'>alienorum</span> <span class='ocrx_word' id='word_1_27' title='bbox 694 1037 773 1113; x_wconf 91' lang='lat' dir='ltr'>sunt</span> <span class='ocrx_word' id='word_1_28' title='bbox 793 1040 979 1136; x_wconf 69' lang='lat' dir='ltr'>participes</span> <span class='ocrx_word' id='word_1_29' title='bbox 997 1052 1226 1135; x_wconf 86' lang='lat' dir='ltr'>peccatorum</span> <span class='ocrx_word' id='word_1_30' title='bbox 1240 1032 1425 1121; x_wconf 76' lang='lat' dir='ltr'>mulieres,</span> <span class='ocrx_word' id='word_1_31' title='bbox 1443 1058 1528 1134; x_wconf 71' lang='lat' dir='ltr'>qua</span> 
     </span>
    </p>

    <p class='ocr_par' dir='ltr' id='par_1_4' title="bbox 476 1134 1533 1234">
     <span class='ocr_line' id='line_1_6' title="bbox 476 1134 1533 1234; baseline -0.001 -22"><span class='ocrx_word' id='word_1_32' title='bbox 476 1136 589 1217; x_wconf 79' lang='lat' dir='ltr'>sucis,</span> <span class='ocrx_word' id='word_1_33' title='bbox 610 1138 647 1212; x_wconf 80' lang='grc' dir='ltr'>δι</span> <span class='ocrx_word' id='word_1_34' title='bbox 663 1140 875 1234; x_wconf 85' lang='lat' dir='ltr'>pigmentis.</span> <span class='ocrx_word' id='word_1_35' title='bbox 898 1139 1049 1232; x_wconf 83' lang='lat' dir='ltr'>vanique</span> <span class='ocrx_word' id='word_1_36' title='bbox 1062 1152 1208 1212; x_wconf 82' lang='lat' dir='ltr'>ornatus</span> <span class='ocrx_word' id='word_1_37' title='bbox 1225 1134 1338 1219; x_wconf 83' lang='lat' dir='ltr'>luxu,</span> <span class='ocrx_word' id='word_1_38' title='bbox 1356 1136 1397 1209; x_wconf 71' lang='grc' dir='ltr'>δι</span> <span class='ocrx_word' id='word_1_39' title='bbox 1415 1136 1533 1231; x_wconf 75' lang='lat' dir='ltr'>pout·¹</span> 
     </span>
    </p>

    <p class='ocr_par' dir='ltr' id='par_1_5' title="bbox 476 1232 1536 1434">
     <span class='ocr_line' id='line_1_7' title="bbox 476 1232 1536 1331; baseline 0 -20"><span class='ocrx_word' id='word_1_40' title='bbox 476 1258 552 1331; x_wconf 91' lang='lat' dir='ltr'>pa,</span> <span class='ocrx_word' id='word_1_41' title='bbox 578 1234 767 1313; x_wconf 91' lang='lat' dir='ltr'>bominum</span> <span class='ocrx_word' id='word_1_42' title='bbox 788 1237 915 1315; x_wconf 85' lang='lat' dir='ltr'>oculos</span> <span class='ocrx_word' id='word_1_43' title='bbox 936 1287 946 1319; x_wconf 86' lang='lat'>‚</span> <span class='ocrx_word' id='word_1_44' title='bbox 970 1238 1008 1311; x_wconf 71' lang='grc' dir='ltr'>δι</span> <span class='ocrx_word' id='word_1_45' title='bbox 1030 1238 1169 1310; x_wconf 73' lang='lat' dir='ltr'>animos</span> <span class='ocrx_word' id='word_1_46' title='bbox 1193 1238 1230 1309; x_wconf 91' lang='lat' dir='ltr'>in</span> <span class='ocrx_word' id='word_1_47' title='bbox 1251 1232 1284 1309; x_wconf 88' lang='lat' dir='ltr'>se</span> <span class='ocrx_word' id='word_1_48' title='bbox 1309 1252 1536 1325; x_wconf 21' lang='lat' dir='ltr'>converteret</span> 
     </span>
     <span class='ocr_line' id='line_1_8' title="bbox 476 1332 1527 1434; baseline 0 -25"><span class='ocrx_word' id='word_1_49' title='bbox 476 1335 655 1433; x_wconf 80' lang='lat' dir='ltr'>gestiunt3</span> <span class='ocrx_word' id='word_1_50' title='bbox 677 1340 713 1413; x_wconf 75' lang='grc' dir='ltr'>δι</span> <span class='ocrx_word' id='word_1_51' title='bbox 730 1340 936 1434; x_wconf 85' lang='lat' dir='ltr'>quicunque</span> <span class='ocrx_word' id='word_1_52' title='bbox 953 1358 1064 1432; x_wconf 83' lang='lat' dir='ltr'>pravo</span> <span class='ocrx_word' id='word_1_53' title='bbox 1079 1334 1249 1431; x_wconf 81' lang='lat' dir='ltr'>exemplo</span> <span class='ocrx_word' id='word_1_54' title='bbox 1271 1332 1359 1409; x_wconf 81' lang='lat' dir='ltr'>aliut</span> <span class='ocrx_word' id='word_1_55' title='bbox 1381 1332 1430 1409; x_wconf 87' lang='lat' dir='ltr'>ad</span> <span class='ocrx_word' id='word_1_56' title='bbox 1444 1334 1527 1411; x_wconf 89' lang='lat' dir='ltr'>suo·</span> 
     </span>
    </p>

    <p class='ocr_par' dir='ltr' id='par_1_6' title="bbox 476 1432 1528 1533">
     <span class='ocr_line' id='line_1_9' title="bbox 476 1432 1528 1533; baseline -0.001 -23"><span class='ocrx_word' id='word_1_57' title='bbox 476 1458 559 1510; x_wconf 85' lang='lat' dir='ltr'>tunt</span> <span class='ocrx_word' id='word_1_58' title='bbox 586 1453 816 1533; x_wconf 84' lang='lat' dir='ltr'>peccatorum</span> <span class='ocrx_word' id='word_1_59' title='bbox 844 1442 1080 1513; x_wconf 87' lang='lat' dir='ltr'>imitationem</span> <span class='ocrx_word' id='word_1_60' title='bbox 1104 1432 1338 1529; x_wconf 85' lang='lat' dir='ltr'>pertrabunt.</span> <span class='ocrx_word' id='word_1_61' title='bbox 1363 1432 1424 1507; x_wconf 83' lang='lat' dir='ltr'>vei</span> <span class='ocrx_word' id='word_1_62' title='bbox 1450 1432 1528 1509; x_wconf 84' lang='lat' dir='ltr'>aiii-</span> 
     </span>
    </p>

    <p class='ocr_par' dir='ltr' id='par_1_7' title="bbox 477 1530 1534 1633">
     <span class='ocr_line' id='line_1_10' title="bbox 477 1530 1534 1633; baseline 0.001 -24"><span class='ocrx_word' id='word_1_63' title='bbox 477 1537 606 1627; x_wconf 87' lang='lat' dir='ltr'>ciunt;</span> <span class='ocrx_word' id='word_1_64' title='bbox 625 1537 648 1611; x_wconf 91' lang='lat' dir='ltr'>ii</span> <span class='ocrx_word' id='word_1_65' title='bbox 674 1535 890 1633; x_wconf 78' lang='lat' dir='ltr'>prasertim.</span> <span class='ocrx_word' id='word_1_66' title='bbox 916 1540 979 1633; x_wconf 89' lang='lat' dir='ltr'>qui</span> <span class='ocrx_word' id='word_1_67' title='bbox 1003 1534 1151 1627; x_wconf 77' lang='lat' dir='ltr'>majoris</span> <span class='ocrx_word' id='word_1_68' title='bbox 1173 1532 1251 1609; x_wconf 92' lang='lat' dir='ltr'>suut</span> <span class='ocrx_word' id='word_1_69' title='bbox 1277 1530 1534 1619; x_wconf 59' lang='lat' dir='ltr'>antonum·</span> 
     </span>
    </p>

    <p class='ocr_par' dir='ltr' id='par_1_8' title="bbox 477 1630 1527 1730">
     <span class='ocr_line' id='line_1_11' title="bbox 477 1630 1527 1730; baseline 0 -22"><span class='ocrx_word' id='word_1_70' title='bbox 477 1636 596 1729; x_wconf 89' lang='lat' dir='ltr'>&amp;qui</span> <span class='ocrx_word' id='word_1_71' title='bbox 620 1635 691 1711; x_wconf 80' lang='lat' dir='ltr'>asiis</span> <span class='ocrx_word' id='word_1_72' title='bbox 718 1639 929 1730; x_wconf 78' lang='lat' dir='ltr'>probitatis.</span> <span class='ocrx_word' id='word_1_73' title='bbox 956 1636 1115 1717; x_wconf 76' lang='lat' dir='ltr'>virtutis,</span> <span class='ocrx_word' id='word_1_74' title='bbox 1139 1634 1175 1707; x_wconf 77' lang='lat' dir='ltr'>st</span> <span class='ocrx_word' id='word_1_75' title='bbox 1198 1630 1441 1707; x_wconf 72' lang='lat' dir='ltr'>san&#39;siimoniae</span> <span class='ocrx_word' id='word_1_76' title='bbox 1457 1654 1527 1709; x_wconf 78' lang='lat' dir='ltr'>eat·</span> 
     </span>
    </p>

    <p class='ocr_par' dir='ltr' id='par_1_9' title="bbox 477 1730 1524 1828">
     <span class='ocr_line' id='line_1_12' title="bbox 477 1730 1524 1828; baseline -0.002 -19"><span class='ocrx_word' id='word_1_77' title='bbox 477 1734 593 1825; x_wconf 81' lang='lat' dir='ltr'>turpia</span> <span class='ocrx_word' id='word_1_78' title='bbox 606 1736 759 1828; x_wconf 83' lang='lat' dir='ltr'>praebere</span> <span class='ocrx_word' id='word_1_79' title='bbox 772 1734 902 1813; x_wconf 82' lang='lat' dir='ltr'>debent</span> <span class='ocrx_word' id='word_1_80' title='bbox 916 1736 1051 1811; x_wconf 86' lang='lat' dir='ltr'>ratione</span> <span class='ocrx_word' id='word_1_81' title='bbox 1076 1732 1125 1809; x_wconf 90' lang='lat' dir='ltr'>sui</span> <span class='ocrx_word' id='word_1_82' title='bbox 1142 1734 1270 1817; x_wconf 84' lang='lat' dir='ltr'>statut,</span> <span class='ocrx_word' id='word_1_83' title='bbox 1288 1732 1449 1817; x_wconf 83' lang='lat' dir='ltr'>ordinis,</span> <span class='ocrx_word' id='word_1_84' title='bbox 1469 1730 1524 1809; x_wconf 82' lang='lat' dir='ltr'>tei</span> 
     </span>
    </p>

    <p class='ocr_par' dir='ltr' id='par_1_10' title="bbox 477 1829 1523 1931">
     <span class='ocr_line' id='line_1_13' title="bbox 477 1829 1523 1931; baseline 0 -24"><span class='ocrx_word' id='word_1_85' title='bbox 477 1829 618 1926; x_wconf 84' lang='lat' dir='ltr'>officii3</span> <span class='ocrx_word' id='word_1_86' title='bbox 643 1834 697 1909; x_wconf 86' lang='lat' dir='ltr'>ves</span> <span class='ocrx_word' id='word_1_87' title='bbox 722 1838 783 1931; x_wconf 92' lang='lat' dir='ltr'>qui</span> <span class='ocrx_word' id='word_1_88' title='bbox 816 1838 1000 1930; x_wconf 81' lang='lat' dir='ltr'>probitatis</span> <span class='ocrx_word' id='word_1_89' title='bbox 1034 1832 1160 1909; x_wconf 75' lang='lat' dir='ltr'>samam</span> <span class='ocrx_word' id='word_1_90' title='bbox 1187 1833 1438 1907; x_wconf 89' lang='lat' dir='ltr'>obtinuerunt.</span> <span class='ocrx_word' id='word_1_91' title='bbox 1472 1830 1523 1911; x_wconf 85' lang='lat' dir='ltr'>Hi</span> 
     </span>
    </p>

    <p class='ocr_par' dir='ltr' id='par_1_11' title="bbox 476 1930 1525 2133">
     <span class='ocr_line' id='line_1_14' title="bbox 477 1930 1523 2032; baseline 0.001 -24"><span class='ocrx_word' id='word_1_92' title='bbox 477 1935 573 2008; x_wconf 83' lang='lat' dir='ltr'>enim</span> <span class='ocrx_word' id='word_1_93' title='bbox 596 1938 710 2027; x_wconf 83' lang='lat' dir='ltr'>pravis</span> <span class='ocrx_word' id='word_1_94' title='bbox 729 1934 899 2032; x_wconf 78' lang='lat' dir='ltr'>exemplis</span> <span class='ocrx_word' id='word_1_95' title='bbox 923 1935 1083 2013; x_wconf 92' lang='lat' dir='ltr'>tribuunt</span> <span class='ocrx_word' id='word_1_96' title='bbox 1105 1930 1260 2006; x_wconf 87' lang='lat' dir='ltr'>fimiliter</span> <span class='ocrx_word' id='word_1_97' title='bbox 1284 1932 1523 2027; x_wconf 68' lang='lat' dir='ltr'>peccantibus</span> 
     </span>
     <span class='ocr_line' id='line_1_15' title="bbox 476 2030 1525 2133; baseline -0.009 -27"><span class='ocrx_word' id='word_1_98' title='bbox 476 2030 744 2127; x_wconf 79' lang='lat' dir='ltr'>tutioritatem;</span> <span class='ocrx_word' id='word_1_99' title='bbox 768 2036 804 2109; x_wconf 80' lang='grc' dir='ltr'>δι</span> <span class='ocrx_word' id='word_1_100' title='bbox 828 2035 1043 2133; x_wconf 87' lang='lat' dir='ltr'>quamdam,</span> <span class='ocrx_word' id='word_1_101' title='bbox 1067 2032 1150 2108; x_wconf 87' lang='lat' dir='ltr'>sicet</span> <span class='ocrx_word' id='word_1_102' title='bbox 1173 2030 1313 2104; x_wconf 80' lang='lat' dir='ltr'>inanum</span> <span class='ocrx_word' id='word_1_103' title='bbox 1334 2084 1345 2113; x_wconf 87' lang='lat'><strong>.</strong></span> <span class='ocrx_word' id='word_1_104' title='bbox 1367 2032 1409 2107; x_wconf 73' lang='grc' dir='ltr'>δι</span> <span class='ocrx_word' id='word_1_105' title='bbox 1430 2034 1525 2121; x_wconf 81' lang='lat' dir='ltr'>inju.</span> 
     </span>
    </p>

    <p class='ocr_par' dir='ltr' id='par_1_12' title="bbox 476 2130 1537 2228">
     <span class='ocr_line' id='line_1_16' title="bbox 476 2130 1537 2228; baseline 0.004 -23"><span class='ocrx_word' id='word_1_106' title='bbox 476 2130 564 2206; x_wconf 86' lang='lat' dir='ltr'>stam</span> <span class='ocrx_word' id='word_1_107' title='bbox 600 2132 834 2211; x_wconf 75' lang='lat' dir='ltr'>excusationis</span> <span class='ocrx_word' id='word_1_108' title='bbox 858 2131 1092 2211; x_wconf 75' lang='lat' dir='ltr'>occasionem.</span> <span class='ocrx_word' id='word_1_109' title='bbox 1134 2131 1279 2207; x_wconf 83' lang='lat' dir='ltr'>inanem</span> <span class='ocrx_word' id='word_1_110' title='bbox 1299 2132 1385 2205; x_wconf 80' lang='lat' dir='ltr'>dico</span> <span class='ocrx_word' id='word_1_111' title='bbox 1400 2182 1418 2216; x_wconf 81' lang='grc'><strong>,</strong></span> <span class='ocrx_word' id='word_1_112' title='bbox 1443 2134 1537 2228; x_wconf 81' lang='lat' dir='ltr'>quia.</span> 
     </span>
    </p>

    <p class='ocr_par' dir='ltr' id='par_1_13' title="bbox 475 2228 1525 2329">
     <span class='ocr_line' id='line_1_17' title="bbox 475 2228 1525 2329; baseline 0 -24"><span class='ocrx_word' id='word_1_113' title='bbox 475 2228 645 2307; x_wconf 81' lang='lat' dir='ltr'>debemus</span> <span class='ocrx_word' id='word_1_114' title='bbox 679 2235 860 2310; x_wconf 88' lang='lat' dir='ltr'>attendere</span> <span class='ocrx_word' id='word_1_115' title='bbox 882 2234 926 2313; x_wconf 91' lang='lat' dir='ltr'>ad</span> <span class='ocrx_word' id='word_1_116' title='bbox 949 2233 1066 2329; x_wconf 80' lang='lat' dir='ltr'>segent</span> <span class='ocrx_word' id='word_1_117' title='bbox 1092 2229 1162 2309; x_wconf 85' lang='lat' dir='ltr'>Dei</span> <span class='ocrx_word' id='word_1_118' title='bbox 1184 2276 1193 2307; x_wconf 84' lang='lat'><strong>.</strong></span> <span class='ocrx_word' id='word_1_119' title='bbox 1214 2252 1291 2303; x_wconf 93' lang='lat' dir='ltr'>non</span> <span class='ocrx_word' id='word_1_120' title='bbox 1323 2230 1370 2303; x_wconf 91' lang='lat' dir='ltr'>ad</span> <span class='ocrx_word' id='word_1_121' title='bbox 1400 2252 1525 2305; x_wconf 77' lang='lat' dir='ltr'>exent-</span> 
     </span>
    </p>

    <p class='ocr_par' dir='ltr' id='par_1_14' title="bbox 475 2328 1526 2428">
     <span class='ocr_line' id='line_1_18' title="bbox 475 2328 1526 2428; baseline -0.008 -23"><span class='ocrx_word' id='word_1_122' title='bbox 475 2330 532 2427; x_wconf 89' lang='lat' dir='ltr'>pia</span> <span class='ocrx_word' id='word_1_123' title='bbox 553 2328 765 2426; x_wconf 85' lang='lat' dir='ltr'>hominum,</span> <span class='ocrx_word' id='word_1_124' title='bbox 784 2338 899 2410; x_wconf 90' lang='lat' dir='ltr'>necin</span> <span class='ocrx_word' id='word_1_125' title='bbox 914 2334 1092 2426; x_wconf 79' lang='lat' dir='ltr'>majorum</span> <span class='ocrx_word' id='word_1_126' title='bbox 1116 2332 1267 2428; x_wconf 84' lang='lat' dir='ltr'>peccarit</span> <span class='ocrx_word' id='word_1_127' title='bbox 1285 2350 1449 2425; x_wconf 77' lang='lat' dir='ltr'>quaerere</span> <span class='ocrx_word' id='word_1_128' title='bbox 1464 2330 1526 2405; x_wconf 78' lang='lat' dir='ltr'>dc.</span> 
     </span>
    </p>

    <p class='ocr_par' dir='ltr' id='par_1_15' title="bbox 381 2424 1533 2545">
     <span class='ocr_line' id='line_1_19' title="bbox 381 2424 1533 2545; baseline 0.003 -39"><span class='ocrx_word' id='word_1_129' title='bbox 381 2504 388 2517; x_wconf 83' lang='grc'><strong>,</strong></span> <span class='ocrx_word' id='word_1_130' title='bbox 475 2434 600 2545; x_wconf 76' lang='lat' dir='ltr'>bemus</span> <span class='ocrx_word' id='word_1_131' title='bbox 623 2436 725 2545; x_wconf 73' lang='lat' dir='ltr'>nobis</span> <span class='ocrx_word' id='word_1_132' title='bbox 751 2437 946 2530; x_wconf 84' lang='lat' dir='ltr'>patrocinia</span> <span class='ocrx_word' id='word_1_133' title='bbox 967 2434 1152 2529; x_wconf 84' lang='lat' dir='ltr'>peccandi.</span> <span class='ocrx_word' id='word_1_134' title='bbox 1176 2426 1272 2505; x_wconf 81' lang='lat' dir='ltr'>Hinc</span> <span class='ocrx_word' id='word_1_135' title='bbox 1303 2440 1338 2497; x_wconf 64' lang='grc' dir='ltr'>ὅ.</span> <span class='ocrx_word' id='word_1_136' title='bbox 1358 2424 1533 2539; x_wconf 62' lang='grc' dir='ltr'>ΑιιειιΙῙ..Ι</span> 
     </span>
    </p>

    <p class='ocr_par' dir='ltr' id='par_1_16' title="bbox 271 2504 1527 3129">
     <span class='ocr_line' id='line_1_20' title="bbox 273 2504 1524 2634; baseline 0 -29"><span class='ocrx_word' id='word_1_137' title='bbox 273 2504 311 2570; x_wconf 76' lang='grc' dir='ltr'>Ῑ“</span> <span class='ocrx_word' id='word_1_138' title='bbox 330 2522 421 2581; x_wconf 60' lang='lat' dir='ltr'>maro.</span> <span class='ocrx_word' id='word_1_139' title='bbox 448 2526 578 2634; x_wconf 43' lang='lat' dir='ltr'>,bnon</span> <span class='ocrx_word' id='word_1_140' title='bbox 605 2534 641 2605; x_wconf 93' lang='lat' dir='ltr'>in</span> <span class='ocrx_word' id='word_1_141' title='bbox 663 2530 714 2608; x_wconf 82' lang='lat' dir='ltr'>Pr.</span> <span class='ocrx_word' id='word_1_142' title='bbox 729 2554 785 2617; x_wconf 85' lang='lat'>50.</span> <span class='ocrx_word' id='word_1_143' title='bbox 806 2534 852 2607; x_wconf 89' lang='lat' dir='ltr'>de</span> <span class='ocrx_word' id='word_1_144' title='bbox 874 2531 967 2628; x_wconf 91' lang='lat' dir='ltr'>lapsu</span> <span class='ocrx_word' id='word_1_145' title='bbox 991 2526 1140 2607; x_wconf 83' lang='lat' dir='ltr'>Datidit</span> <span class='ocrx_word' id='word_1_146' title='bbox 1157 2548 1293 2627; x_wconf 82' lang='lat' dir='ltr'>agent:</span> <span class='ocrx_word' id='word_1_147' title='bbox 1323 2576 1384 2619; x_wconf 76' lang='lat'>„„</span> <span class='ocrx_word' id='word_1_148' title='bbox 1412 2526 1524 2607; x_wconf 82' lang='lat' dir='ltr'>Multi</span> 
     </span>
     <span class='ocr_line' id='line_1_21' title="bbox 271 2600 1526 2736; baseline 0.009 -40"><span class='ocrx_word' id='word_1_149' title='bbox 271 2600 462 2736; x_wconf 55' lang='lat' dir='ltr'>{ssmqffigc</span> <span class='ocrx_word' id='word_1_150' title='bbox 477 2629 640 2725; x_wconf 76' lang='lat' dir='ltr'>(inquit)</span> <span class='ocrx_word' id='word_1_151' title='bbox 659 2631 789 2712; x_wconf 76' lang='lat' dir='ltr'>cadere</span> <span class='ocrx_word' id='word_1_152' title='bbox 813 2629 941 2709; x_wconf 88' lang='lat' dir='ltr'>volunt</span> <span class='ocrx_word' id='word_1_153' title='bbox 956 2655 1042 2708; x_wconf 91' lang='lat' dir='ltr'>curn</span> <span class='ocrx_word' id='word_1_154' title='bbox 1068 2630 1213 2714; x_wconf 83' lang='lat' dir='ltr'>David.</span> <span class='ocrx_word' id='word_1_155' title='bbox 1239 2626 1275 2703; x_wconf 82' lang='lat' dir='ltr'>sit</span> <span class='ocrx_word' id='word_1_156' title='bbox 1296 2628 1434 2705; x_wconf 84' lang='lat' dir='ltr'>nolunt</span> <span class='ocrx_word' id='word_1_157' title='bbox 1454 2628 1526 2707; x_wconf 84' lang='lat' dir='ltr'>sur·</span> 
     </span>
     <span class='ocr_line' id='line_1_22' title="bbox 272 2726 1527 2844; baseline 0.011 -51"><span class='ocrx_word' id='word_1_158' title='bbox 272 2754 335 2795; x_wconf 72' lang='lat' dir='ltr'>non</span> <span class='ocrx_word' id='word_1_159' title='bbox 357 2734 443 2799; x_wconf 65' lang='lat' dir='ltr'>dabo</span> <span class='ocrx_word' id='word_1_160' title='bbox 457 2773 465 2786; x_wconf 74' lang='lat'>,</span> <span class='ocrx_word' id='word_1_161' title='bbox 475 2753 561 2826; x_wconf 88' lang='lat' dir='ltr'>gere</span> <span class='ocrx_word' id='word_1_162' title='bbox 579 2753 663 2808; x_wconf 87' lang='lat' dir='ltr'>cunt</span> <span class='ocrx_word' id='word_1_163' title='bbox 679 2729 811 2809; x_wconf 78' lang='lat' dir='ltr'>David·</span> <span class='ocrx_word' id='word_1_164' title='bbox 837 2733 925 2810; x_wconf 92' lang='lat' dir='ltr'>Non</span> <span class='ocrx_word' id='word_1_165' title='bbox 949 2757 1039 2831; x_wconf 85' lang='lat' dir='ltr'>ergo</span> <span class='ocrx_word' id='word_1_166' title='bbox 1050 2730 1197 2843; x_wconf 86' lang='lat' dir='ltr'>cadendi</span> <span class='ocrx_word' id='word_1_167' title='bbox 1211 2726 1424 2844; x_wconf 80' lang='lat' dir='ltr'>tarentpium</span> <span class='ocrx_word' id='word_1_168' title='bbox 1441 2753 1527 2826; x_wconf 88' lang='lat' dir='ltr'>pru·</span> 
     </span>
     <span class='ocr_line' id='line_1_23' title="bbox 476 2829 1525 3024; baseline 0.001 -18.837"><span class='ocrx_word' id='word_1_169' title='bbox 476 2829 1525 3024; x_wconf 58' lang='lat' dir='ltr'>triu,titiiintuinuntient:</span> 
     </span>
     <span class='ocr_line' id='line_1_24' title="bbox 475 3028 1522 3129; baseline -0.001 -24"><span class='ocrx_word' id='word_1_170' title='bbox 475 3054 580 3116; x_wconf 87' lang='lat' dir='ltr'>runt,</span> <span class='ocrx_word' id='word_1_171' title='bbox 600 3031 657 3106; x_wconf 89' lang='lat' dir='ltr'>sed</span> <span class='ocrx_word' id='word_1_172' title='bbox 686 3029 727 3106; x_wconf 88' lang='lat' dir='ltr'>fit</span> <span class='ocrx_word' id='word_1_173' title='bbox 753 3032 848 3109; x_wconf 81' lang='lat' dir='ltr'>casus</span> <span class='ocrx_word' id='word_1_174' title='bbox 871 3035 1049 3129; x_wconf 75' lang='lat' dir='ltr'>majorum</span> <span class='ocrx_word' id='word_1_175' title='bbox 1078 3053 1213 3107; x_wconf 90' lang='lat' dir='ltr'>tremor</span> <span class='ocrx_word' id='word_1_176' title='bbox 1239 3029 1440 3104; x_wconf 80' lang='lat' dir='ltr'>minorum·</span> <span class='ocrx_word' id='word_1_177' title='bbox 1468 3028 1522 3107; x_wconf 81' lang='lat' dir='ltr'>nd</span> 
     </span>
    </p>

    <p class='ocr_par' dir='ltr' id='par_1_17' title="bbox 475 3127 1525 3228">
     <span class='ocr_line' id='line_1_25' title="bbox 475 3127 1525 3228; baseline 0 -22"><span class='ocrx_word' id='word_1_178' title='bbox 475 3129 549 3206; x_wconf 88' lang='lat' dir='ltr'>hoc</span> <span class='ocrx_word' id='word_1_179' title='bbox 578 3133 802 3227; x_wconf 86' lang='lat' dir='ltr'>propositum</span> <span class='ocrx_word' id='word_1_180' title='bbox 826 3133 901 3209; x_wconf 77' lang='lat' dir='ltr'>esi,</span> <span class='ocrx_word' id='word_1_181' title='bbox 925 3131 969 3207; x_wconf 91' lang='lat' dir='ltr'>ad</span> <span class='ocrx_word' id='word_1_182' title='bbox 996 3133 1069 3208; x_wconf 90' lang='lat' dir='ltr'>hoc</span> <span class='ocrx_word' id='word_1_183' title='bbox 1087 3131 1255 3228; x_wconf 89' lang='lat' dir='ltr'>scripturn</span> <span class='ocrx_word' id='word_1_184' title='bbox 1281 3127 1355 3208; x_wconf 78' lang='lat' dir='ltr'>est,</span> <span class='ocrx_word' id='word_1_185' title='bbox 1380 3128 1430 3202; x_wconf 89' lang='lat' dir='ltr'>ad</span> <span class='ocrx_word' id='word_1_186' title='bbox 1454 3127 1525 3206; x_wconf 81' lang='lat' dir='ltr'>boc</span> 
     </span>
    </p>

    <p class='ocr_par' dir='ltr' id='par_1_18' title="bbox 474 3228 1524 3330">
     <span class='ocr_line' id='line_1_26' title="bbox 474 3228 1524 3330; baseline -0.002 -24"><span class='ocrx_word' id='word_1_187' title='bbox 474 3231 511 3306; x_wconf 90' lang='lat' dir='ltr'>in</span> <span class='ocrx_word' id='word_1_188' title='bbox 535 3228 684 3307; x_wconf 82' lang='lat' dir='ltr'>Ecclesia</span> <span class='ocrx_word' id='word_1_189' title='bbox 710 3231 797 3324; x_wconf 85' lang='lat' dir='ltr'>saepe</span> <span class='ocrx_word' id='word_1_190' title='bbox 815 3232 965 3308; x_wconf 77' lang='lat' dir='ltr'>renum.</span> <span class='ocrx_word' id='word_1_191' title='bbox 984 3250 1091 3330; x_wconf 84' lang='lat' dir='ltr'>atque</span> <span class='ocrx_word' id='word_1_192' title='bbox 1112 3246 1313 3306; x_wconf 83' lang='lat' dir='ltr'>cantarunt:</span> <span class='ocrx_word' id='word_1_193' title='bbox 1340 3228 1524 3317; x_wconf 81' lang='lat' dir='ltr'>Audiam,</span> 
     </span>
    </p>

    <p class='ocr_par' dir='ltr' id='par_1_19' title="bbox 474 3328 1526 3426">
     <span class='ocr_line' id='line_1_27' title="bbox 474 3328 1526 3426; baseline -0.001 -22"><span class='ocrx_word' id='word_1_194' title='bbox 474 3333 537 3426; x_wconf 83' lang='lat' dir='ltr'>qui</span> <span class='ocrx_word' id='word_1_195' title='bbox 559 3355 633 3405; x_wconf 89' lang='lat' dir='ltr'>non</span> <span class='ocrx_word' id='word_1_196' title='bbox 654 3332 877 3416; x_wconf 88' lang='lat' dir='ltr'>ceciderunt,</span> <span class='ocrx_word' id='word_1_197' title='bbox 899 3356 947 3406; x_wconf 90' lang='lat' dir='ltr'>ne</span> <span class='ocrx_word' id='word_1_198' title='bbox 965 3332 1105 3407; x_wconf 76' lang='lat' dir='ltr'>cadant·</span> <span class='ocrx_word' id='word_1_199' title='bbox 1129 3328 1281 3406; x_wconf 75' lang='lat' dir='ltr'>budiant</span> <span class='ocrx_word' id='word_1_200' title='bbox 1300 3333 1363 3422; x_wconf 85' lang='lat' dir='ltr'>qui</span> <span class='ocrx_word' id='word_1_201' title='bbox 1379 3331 1526 3404; x_wconf 86' lang='lat' dir='ltr'>cecide·</span> 
     </span>
    </p>

    <p class='ocr_par' dir='ltr' id='par_1_20' title="bbox 473 3429 1525 3526">
     <span class='ocr_line' id='line_1_28' title="bbox 473 3429 1525 3526; baseline 0 -22"><span class='ocrx_word' id='word_1_202' title='bbox 473 3446 580 3516; x_wconf 90' lang='lat' dir='ltr'>tunt,</span> <span class='ocrx_word' id='word_1_203' title='bbox 612 3445 651 3506; x_wconf 92' lang='lat' dir='ltr'>ut</span> <span class='ocrx_word' id='word_1_204' title='bbox 672 3430 864 3525; x_wconf 84' lang='lat' dir='ltr'>resurgant.</span> <span class='ocrx_word' id='word_1_205' title='bbox 891 3429 1000 3508; x_wconf 87' lang='lat' dir='ltr'>Tanti</span> <span class='ocrx_word' id='word_1_206' title='bbox 1029 3434 1093 3506; x_wconf 86' lang='lat' dir='ltr'>tiri</span> <span class='ocrx_word' id='word_1_207' title='bbox 1117 3445 1303 3526; x_wconf 86' lang='lat' dir='ltr'>peccatum</span> <span class='ocrx_word' id='word_1_208' title='bbox 1328 3450 1408 3502; x_wconf 93' lang='lat' dir='ltr'>non</span> <span class='ocrx_word' id='word_1_209' title='bbox 1427 3445 1525 3504; x_wconf 83' lang='lat' dir='ltr'>tace·</span> 
     </span>
    </p>

    <p class='ocr_par' dir='ltr' id='par_1_21' title="bbox 474 3524 1525 3624">
     <span class='ocr_line' id='line_1_29' title="bbox 474 3524 1525 3624; baseline 0.001 -21"><span class='ocrx_word' id='word_1_210' title='bbox 474 3544 559 3613; x_wconf 91' lang='lat' dir='ltr'>tur.</span> <span class='ocrx_word' id='word_1_211' title='bbox 585 3530 794 3624; x_wconf 78' lang='lat' dir='ltr'>praedicatur</span> <span class='ocrx_word' id='word_1_212' title='bbox 820 3533 853 3604; x_wconf 90' lang='lat' dir='ltr'>in</span> <span class='ocrx_word' id='word_1_213' title='bbox 881 3527 1041 3607; x_wconf 80' lang='lat' dir='ltr'>Ecciesra.</span> <span class='ocrx_word' id='word_1_214' title='bbox 1070 3529 1227 3607; x_wconf 78' lang='lat' dir='ltr'>Audiunt</span> <span class='ocrx_word' id='word_1_215' title='bbox 1249 3524 1340 3602; x_wconf 86' lang='lat' dir='ltr'>maie</span> <span class='ocrx_word' id='word_1_216' title='bbox 1374 3530 1525 3604; x_wconf 84' lang='lat' dir='ltr'>audien·</span> 
     </span>
    </p>

    <p class='ocr_par' dir='ltr' id='par_1_22' title="bbox 473 3627 1527 3724">
     <span class='ocr_line' id='line_1_30' title="bbox 473 3627 1527 3724; baseline 0.001 -22"><span class='ocrx_word' id='word_1_217' title='bbox 473 3645 546 3710; x_wconf 88' lang='lat' dir='ltr'>tes,</span> <span class='ocrx_word' id='word_1_218' title='bbox 570 3631 605 3703; x_wconf 78' lang='lat' dir='ltr'>bt</span> <span class='ocrx_word' id='word_1_219' title='bbox 622 3648 785 3722; x_wconf 78' lang='lat' dir='ltr'>quarunt</span> <span class='ocrx_word' id='word_1_220' title='bbox 805 3628 867 3705; x_wconf 86' lang='lat' dir='ltr'>srbi</span> <span class='ocrx_word' id='word_1_221' title='bbox 882 3633 1073 3723; x_wconf 88' lang='lat' dir='ltr'>patrocinia</span> <span class='ocrx_word' id='word_1_222' title='bbox 1088 3627 1279 3724; x_wconf 71' lang='lat' dir='ltr'>peccandi,</span> <span class='ocrx_word' id='word_1_223' title='bbox 1299 3629 1527 3718; x_wconf 80' lang='lat' dir='ltr'>attendunt.</span> 
     </span>
    </p>

    <p class='ocr_par' dir='ltr' id='par_1_23' title="bbox 471 3729 1521 3825">
     <span class='ocr_line' id='line_1_31' title="bbox 471 3729 1521 3825; baseline 0.002 -23"><span class='ocrx_word' id='word_1_224' title='bbox 471 3729 567 3802; x_wconf 85' lang='lat' dir='ltr'>unde</span> <span class='ocrx_word' id='word_1_225' title='bbox 596 3729 809 3811; x_wconf 86' lang='lat' dir='ltr'>defendant,</span> <span class='ocrx_word' id='word_1_226' title='bbox 824 3730 924 3825; x_wconf 89' lang='lat' dir='ltr'>quud</span> <span class='ocrx_word' id='word_1_227' title='bbox 942 3733 1168 3805; x_wconf 82' lang='lat' dir='ltr'>committere</span> <span class='ocrx_word' id='word_1_228' title='bbox 1183 3743 1423 3822; x_wconf 78' lang='lat' dir='ltr'>paraverunt,</span> <span class='ocrx_word' id='word_1_229' title='bbox 1441 3749 1521 3804; x_wconf 92' lang='lat' dir='ltr'>non</span> 
     </span>
    </p>

    <p class='ocr_par' dir='ltr' id='par_1_24' title="bbox 470 3827 1520 3926">
     <span class='ocr_line' id='line_1_32' title="bbox 470 3827 1520 3926; baseline 0.003 -24"><span class='ocrx_word' id='word_1_230' title='bbox 470 3829 567 3902; x_wconf 91' lang='lat' dir='ltr'>unde</span> <span class='ocrx_word' id='word_1_231' title='bbox 591 3844 758 3914; x_wconf 79' lang='lat' dir='ltr'>caveant,</span> <span class='ocrx_word' id='word_1_232' title='bbox 782 3830 883 3926; x_wconf 91' lang='lat' dir='ltr'>quod</span> <span class='ocrx_word' id='word_1_233' title='bbox 907 3855 983 3905; x_wconf 91' lang='lat' dir='ltr'>non</span> <span class='ocrx_word' id='word_1_234' title='bbox 1005 3827 1280 3910; x_wconf 88' lang='lat' dir='ltr'>commiserunt,</span> <span class='ocrx_word' id='word_1_235' title='bbox 1305 3827 1342 3900; x_wconf 72' lang='grc' dir='ltr'><strong>ἃ</strong></span> <span class='ocrx_word' id='word_1_236' title='bbox 1366 3828 1520 3906; x_wconf 72' lang='lat' dir='ltr'>dicunt»</span> 
     </span>
    </p>

    <p class='ocr_par' dir='ltr' id='par_1_25' title="bbox 469 3923 1523 4027">
     <span class='ocr_line' id='line_1_33' title="bbox 469 3923 1523 4027; baseline 0.002 -27"><span class='ocrx_word' id='word_1_237' title='bbox 469 3923 495 4000; x_wconf 86' lang='lat' dir='ltr'>sr</span> <span class='ocrx_word' id='word_1_238' title='bbox 517 3924 636 4002; x_wconf 86' lang='lat' dir='ltr'>David</span> <span class='ocrx_word' id='word_1_239' title='bbox 648 3930 662 4011; x_wconf 78' lang='lat'>,&#39;</span> <span class='ocrx_word' id='word_1_240' title='bbox 680 3952 744 4003; x_wconf 90' lang='lat' dir='ltr'>cur</span> <span class='ocrx_word' id='word_1_241' title='bbox 765 3955 839 4005; x_wconf 92' lang='lat' dir='ltr'>non</span> <span class='ocrx_word' id='word_1_242' title='bbox 866 3931 964 4027; x_wconf 82' lang='lat' dir='ltr'>ego?</span> <span class='ocrx_word' id='word_1_243' title='bbox 986 3929 1073 4005; x_wconf 89' lang='lat' dir='ltr'>inde</span> <span class='ocrx_word' id='word_1_244' title='bbox 1095 3930 1211 4002; x_wconf 88' lang='lat' dir='ltr'>anima</span> <span class='ocrx_word' id='word_1_245' title='bbox 1232 3927 1412 4022; x_wconf 86' lang='lat' dir='ltr'>iniquior,</span> <span class='ocrx_word' id='word_1_246' title='bbox 1437 3949 1523 4024; x_wconf 78' lang='lat' dir='ltr'>quae</span> 
     </span>
    </p>

    <p class='ocr_par' dir='ltr' id='par_1_26' title="bbox 469 4026 1518 4127">
     <span class='ocr_line' id='line_1_34' title="bbox 469 4026 1518 4127; baseline -0.002 -27"><span class='ocrx_word' id='word_1_247' title='bbox 469 4046 552 4100; x_wconf 86' lang='lat' dir='ltr'>curn</span> <span class='ocrx_word' id='word_1_248' title='bbox 569 4042 753 4124; x_wconf 85' lang='lat' dir='ltr'>propterea</span> <span class='ocrx_word' id='word_1_249' title='bbox 774 4030 915 4106; x_wconf 84' lang='lat' dir='ltr'>iecerit,</span> <span class='ocrx_word' id='word_1_250' title='bbox 934 4032 1014 4127; x_wconf 87' lang='lat' dir='ltr'>quia</span> <span class='ocrx_word' id='word_1_251' title='bbox 1035 4027 1153 4104; x_wconf 86' lang='lat' dir='ltr'>David</span> <span class='ocrx_word' id='word_1_252' title='bbox 1169 4026 1271 4106; x_wconf 80' lang='lat' dir='ltr'>iecit,</span> <span class='ocrx_word' id='word_1_253' title='bbox 1287 4026 1371 4100; x_wconf 91' lang='lat' dir='ltr'>ideo</span> <span class='ocrx_word' id='word_1_254' title='bbox 1390 4028 1518 4119; x_wconf 76' lang='lat' dir='ltr'>pejus,</span> 
     </span>
    </p>

    <p class='ocr_par' dir='ltr' id='par_1_27' title="bbox 467 4124 1524 4218">
     <span class='ocr_line' id='line_1_35' title="bbox 467 4124 1524 4218; baseline -0.002 -18"><span class='ocrx_word' id='word_1_255' title='bbox 467 4146 576 4218; x_wconf 83' lang='lat' dir='ltr'>quant</span> <span class='ocrx_word' id='word_1_256' title='bbox 608 4126 722 4204; x_wconf 86' lang='lat' dir='ltr'>David</span> <span class='ocrx_word' id='word_1_257' title='bbox 745 4128 838 4203; x_wconf 84' lang='lat' dir='ltr'>iecit·</span> <span class='ocrx_word' id='word_1_258' title='bbox 863 4125 983 4205; x_wconf 85' lang='lat' dir='ltr'>David</span> <span class='ocrx_word' id='word_1_259' title='bbox 1008 4129 1146 4204; x_wconf 86' lang='lat' dir='ltr'>nulium</span> <span class='ocrx_word' id='word_1_260' title='bbox 1170 4125 1233 4200; x_wconf 84' lang='lat' dir='ltr'>sibi</span> <span class='ocrx_word' id='word_1_261' title='bbox 1255 4127 1300 4200; x_wconf 91' lang='lat' dir='ltr'>ita</span> <span class='ocrx_word' id='word_1_262' title='bbox 1326 4124 1372 4198; x_wconf 84' lang='lat' dir='ltr'>ad</span> <span class='ocrx_word' id='word_1_263' title='bbox 1394 4147 1524 4198; x_wconf 80' lang='lat' dir='ltr'>etaem-</span> 
     </span>
    </p>

    <p class='ocr_par' dir='ltr' id='par_1_28' title="bbox 466 4223 1523 4324">
     <span class='ocr_line' id='line_1_36' title="bbox 466 4223 1523 4324; baseline 0 -26"><span class='ocrx_word' id='word_1_264' title='bbox 466 4225 567 4318; x_wconf 88' lang='lat' dir='ltr'>pluur</span> <span class='ocrx_word' id='word_1_265' title='bbox 593 4232 854 4324; x_wconf 84' lang='lat' dir='ltr'>proposuerat,</span> <span class='ocrx_word' id='word_1_266' title='bbox 885 4246 924 4304; x_wconf 90' lang='lat' dir='ltr'>ut</span> <span class='ocrx_word' id='word_1_267' title='bbox 949 4246 988 4304; x_wconf 93' lang='lat' dir='ltr'>tu</span> <span class='ocrx_word' id='word_1_268' title='bbox 1010 4253 1022 4319; x_wconf 89' lang='lat'>;</span> <span class='ocrx_word' id='word_1_269' title='bbox 1050 4231 1225 4304; x_wconf 86' lang='lat' dir='ltr'>ceciderat</span> <span class='ocrx_word' id='word_1_270' title='bbox 1256 4223 1351 4317; x_wconf 91' lang='lat' dir='ltr'>iapsu</span> <span class='ocrx_word' id='word_1_271' title='bbox 1378 4225 1523 4317; x_wconf 85' lang='lat' dir='ltr'>cupidi·</span> 
     </span>
    </p>

    <p class='ocr_par' dir='ltr' id='par_1_29' title="bbox 464 4322 1519 4423">
     <span class='ocr_line' id='line_1_37' title="bbox 464 4322 1519 4423; baseline 0.002 -27"><span class='ocrx_word' id='word_1_272' title='bbox 464 4328 566 4410; x_wconf 89' lang='lat' dir='ltr'>tatis,</span> <span class='ocrx_word' id='word_1_273' title='bbox 590 4350 665 4400; x_wconf 91' lang='lat' dir='ltr'>non</span> <span class='ocrx_word' id='word_1_274' title='bbox 697 4331 896 4423; x_wconf 86' lang='lat' dir='ltr'>patrocinio</span> <span class='ocrx_word' id='word_1_275' title='bbox 929 4328 1125 4402; x_wconf 83' lang='lat' dir='ltr'>santiitatit.</span> <span class='ocrx_word' id='word_1_276' title='bbox 1164 4322 1223 4401; x_wconf 82' lang='lat' dir='ltr'>Tu</span> <span class='ocrx_word' id='word_1_277' title='bbox 1251 4327 1315 4400; x_wconf 90' lang='lat' dir='ltr'>tibi</span> <span class='ocrx_word' id='word_1_278' title='bbox 1340 4337 1519 4418; x_wconf 87' lang='lat' dir='ltr'>tanquam</span> 
     </span>
    </p>

    <p class='ocr_par' dir='ltr' id='par_1_30' title="bbox 461 4420 1520 4522">
     <span class='ocr_line' id='line_1_38' title="bbox 461 4420 1520 4522; baseline 0.003 -27"><span class='ocrx_word' id='word_1_279' title='bbox 461 4420 615 4498; x_wconf 73' lang='lat' dir='ltr'>sanctum</span> <span class='ocrx_word' id='word_1_280' title='bbox 638 4431 833 4522; x_wconf 82' lang='lat' dir='ltr'>proponis,</span> <span class='ocrx_word' id='word_1_281' title='bbox 849 4443 890 4502; x_wconf 92' lang='lat' dir='ltr'>ut</span> <span class='ocrx_word' id='word_1_282' title='bbox 911 4449 1147 4521; x_wconf 87' lang='lat' dir='ltr'>pecces,n0n</span> <span class='ocrx_word' id='word_1_283' title='bbox 1170 4425 1315 4499; x_wconf 90' lang='lat' dir='ltr'>imitaris</span> <span class='ocrx_word' id='word_1_284' title='bbox 1343 4424 1422 4516; x_wconf 82' lang='lat' dir='ltr'>ejus</span> <span class='ocrx_word' id='word_1_285' title='bbox 1445 4423 1520 4498; x_wconf 82' lang='lat' dir='ltr'>san-</span> 
     </span>
    </p>

    <p class='ocr_par' dir='ltr' id='par_1_31' title="bbox 462 4520 1518 4702">
     <span class='ocr_line' id='line_1_39' title="bbox 462 4520 1518 4702; baseline 0.001 -104"><span class='ocrx_word' id='word_1_286' title='bbox 462 4521 614 4603; x_wconf 69' lang='lat' dir='ltr'>rur-tren</span> <span class='ocrx_word' id='word_1_287' title='bbox 626 4574 638 4614; x_wconf 89' lang='lat'><em>,</em></span> <span class='ocrx_word' id='word_1_288' title='bbox 656 4528 713 4604; x_wconf 84' lang='lat' dir='ltr'>sed</span> <span class='ocrx_word' id='word_1_289' title='bbox 734 4529 879 4609; x_wconf 81' lang='lat' dir='ltr'>imitaris</span> <span class='ocrx_word' id='word_1_290' title='bbox 902 4529 1057 4612; x_wconf 79' lang='lat' dir='ltr'>ruinam.</span> <span class='ocrx_word' id='word_1_291' title='bbox 1083 4523 1169 4606; x_wconf 82' lang='lat' dir='ltr'>Huc</span> <span class='ocrx_word' id='word_1_292' title='bbox 1190 4545 1285 4608; x_wconf 79' lang='lat' dir='ltr'>amus</span> <span class='ocrx_word' id='word_1_293' title='bbox 1303 4527 1342 4600; x_wconf 91' lang='lat' dir='ltr'>in</span> <span class='ocrx_word' id='word_1_294' title='bbox 1366 4520 1518 4702; x_wconf 50' lang='lat' dir='ltr'>Dagid,</span> 
     </span>
    </p>

    <p class='ocr_par' dir='ltr' id='par_1_32' title="bbox 1349 4643 1430 4722">
     <span class='ocr_line' id='line_1_40' title="bbox 1349 4643 1430 4722; baseline 0 -20"><span class='ocrx_word' id='word_1_295' title='bbox 1349 4643 1430 4722; x_wconf 79' lang='lat' dir='ltr'>quo</span> 
     </span>
    </p>
   </div>
   <div class='ocr_carea' id='block_1_3' title="bbox 0 0 1854 5425">
    <p class='ocr_par' dir='ltr' id='par_1_33' title="bbox 0 0 1854 5425">
     <span class='ocr_line' id='line_1_41' title="bbox 0 0 1854 5425; baseline 0 2"><span class='ocrx_word' id='word_1_296' title='bbox 0 0 1854 5425; x_wconf 95' lang='lat' dir='ltr'> </span> 
     </span>
    </p>
   </div>
  </div>
 </body>
</html>
