3700 5425
553 536 641 687 arr
734 564 890 670 alni.
904 568 1033 690 trogg
1050 556 1260 666 uriom.
1290 565 1384 669 tta.
1410 567 1468 673 tr.

549 766 675 829 butem
705 747 849 851 Moysen
874 747 1019 825 abducit
1037 749 1133 824 viro's
1153 773 1171 823 a
1194 752 1479 848 praegnantibus,
1504 755 1599 857 qum*

556 860 668 949 usque
689 855 951 951 pepererint„
984 849 1118 924 Matrix
1150 852 1268 948 itaque
1302 849 1416 927 fitlens
1440 852 1595 935 liliorum

553 956 869 1050 procreationem,
894 949 1009 1025 senten
1039 947 1203 1044 suscipit,
1228 951 1535 1050 probrosumque,
1557 958 1596 1033 de

552 1054 829 1148 vituperandum
845 1064 951 1146 negat
961 1051 1097 1125 coitum
1113 1100 1123 1132 ,
1139 1048 1399 1143 palliationem
1416 1076 1480 1129 ore
1501 1052 1596 1132 clau*

549 1152 597 1230 so
613 1157 765 1230 omnino
787 1153 859 1248 lam
879 1147 1058 1224 libidinem
1071 1150 1274 1224 excludens·
1307 1148 1520 1240 Eiutautrm
1536 1177 1599 1253 ap·

551 1256 772 1350 petitiones,
797 1270 876 1347 quae
895 1251 991 1344 priua
1009 1250 1045 1323 in
1061 1251 1181 1322 amicis
1196 1249 1414 1328 versabantur
1436 1258 1598 1350 comple·

553 1358 686 1439 robur,
706 1355 799 1427 intro
829 1346 1028 1432 conversae,
1047 1351 1084 1423 in
1112 1353 1359 1446 procreatione
1383 1350 1510 1428 sobolis
1532 1374 1599 1430 oc·

555 1470 716 1549 cuparae,
740 1467 933 1548 operantur
952 1471 1020 1523 una
1035 1469 1119 1523 cum
1132 1444 1285 1543 Opilice.
1313 1449 1418 1526 Nesus
1441 1454 1488 1528 est
1506 1470 1595 1549 ergo

555 1562 764 1653 operantem
783 1551 853 1646 jam
876 1563 1035 1623 naturam
1055 1544 1173 1623 adhuc
1192 1548 1346 1625 molestia
1368 1548 1503 1627 allicere
1517 1608 1526 1638 ,
1542 1553 1601 1630 su·
1623 1572 1626 1578 ·

555 1649 695 1754 perflue
716 1650 760 1725 ad
775 1647 998 1748 petulantem·
1014 1649 1284 1747 prorumpendo
1304 1650 1482 1727 libidinem
1508 1699 1573 1745 „,‚·

607 1751 705 1827 idem
726 1749 834 1826 docet
857 1753 888 1822 S.
908 1745 1020 1840 Anba.
1040 1745 1100 1826 lib.
1122 1767 1151 1818 r.
1174 1750 1208 1822 in
1232 1745 1376 1825 Lucam.
1401 1801 1422 1843 ,‚
1438 1806 1459 1840 ‚,
1489 1747 1598 1828 Pecu·

553 1843 620 1927 det
642 1872 790 1951 quoque
812 1849 976 1941 (inquit)
997 1852 1108 1924 'muto
1126 1836 1282 1943 qu'odam
1311 1869 1421 1948 opere
1443 1849 1599 1948 loquun·

558 1964 620 2028 rur
655 1949 846 2046 generandi
877 1946 939 2023 fibi
965 1948 1151 2030 studium,
1177 1970 1252 2022 nnn
1287 1947 1493 2026 desiderium
1531 1948 1598 2027 elle

557 2051 728 2127 coeundi·
751 2047 932 2143 Siquidem
953 2050 1015 2124 ubi
1034 2045 1136 2123 semel
1150 2068 1293 2140 gravem
1308 2048 1425 2124 alvom
1447 2048 1506 2125 stbi
1524 2050 1600 2127 sen·

559 2148 696 2235 serint,
728 2148 764 2223 δι
793 2147 936 2247 genitali
958 2171 1044 2222 arao
1077 2146 1194 2221 semen
1221 2165 1402 2244 receptum
1434 2151 1505 2244 jam
1533 2172 1600 2226 nen

559 2249 770 2326 concubitui
802 2246 1017 2354 indulgent,
1041 2269 1107 2322 nec
1139 2244 1309 2322 lasciviam
1344 2252 1513 2333 amantis,
1539 2249 1598 2325 sed

560 2366 681 2426 curam
694 2351 845 2445 parentis
862 2349 1064 2425 adsumunt.
1083 2353 1128 2422 Ar
1142 2370 1227 2422 vero
1246 2344 1408 2423 hominen
1425 2370 1491 2424 nec
1510 2371 1600 2425 con·

558 2445 876 2544 captennacum
902 2460 1051 2541 parcunt
1067 2471 1078 2540 ;
1095 2444 1173 2521 illos
1196 2449 1441 2526 contaminant
1466 2501 1476 2535 ,
1502 2447 1601 2526 hunc

541 2547 773 2648 ,exasperant
804 2551 897 2616 Prius
910 2567 1009 2640 qaam
1021 2564 1054 2614 te
1076 2541 1249 2642 (inquit)
1272 2542 1450 2632 formarem
1473 2552 1506 2616 in
1527 2569 1600 2617 ure.

525 2676 530 2685 ·
560 2666 622 2736 tr,
639 2651 718 2717 aava·
739 2668 791 2731 re,
813 2647 880 2723 &a
910 2645 964 2723 nd
986 2641 1458 2745 cohibendampetuluntiam
1477 2663 1599 2729 tuam»

558 2769 684 2829 manus
704 2747 872 2844 quasdam
895 2752 946 2824 tui
970 2748 1120 2821 autioris
1141 2748 1175 2821 in
1202 2764 1304 2823 utero
1321 2749 1503 2824 hominem
1525 2749 1601 2824 sor-

559 2852 688 2927 muntia
706 2851 866 2922 advertis.
896 2845 956 2923 llle
977 2861 1169 2942 operatur,
1190 2848 1226 2921 de
1262 2864 1299 2922 tu
1326 2848 1406 2924 sacri
1436 2852 1522 2925 uteri
1550 2845 1569 2923 s
1583 2890 1600 2913 ·

558 2969 696 3025 cretum
725 2946 868 3020 incestas
887 2944 1063 3022 libidine?
1087 2941 1153 3020 Vel
1177 2945 1349 3041 pecodem
1372 2952 1526 3032 imitare,
1544 2945 1600 3026 vel

558 3046 681 3128 Deum
708 3068 841 3126 verere·
867 3043 908 3122 Et
925 3045 1075 3143 quidde
1098 3048 1291 3141 pecudibus
1314 3048 1468 3145 loquor?
1489 3041 1601 3126 Terra

558 3150 630 3243 ipi'a
653 3173 672 3223 a
697 3146 887 3243 generandi
911 3169 1020 3243 opere
1044 3144 1130 3239 saepe
1149 3147 1331 3243 requiescit
1352 3169 1363 3239 3
1387 3149 1422 3221 dr
1445 3146 1468 3222 st
1490 3152 1601 3245 impa-

558 3251 660 3324 tienti
673 3248 859 3322 hominum
878 3247 993 3321 lindio
1003 3244 1096 3339 jactis
1114 3245 1313 3342 frequenter
1327 3246 1513 3322 seminibus
1537 3268 1602 3323 oc·

557 3363 732 3442 cupetur,
760 3348 1013 3439 impatientiam
1040 3343 1183 3423 multlut
1202 3345 1383 3443 agricolae,
1403 3349 1438 3422 &
1459 3347 1604 3424 soecun·

558 3450 707 3523 ditarem
739 3445 912 3519 sterilitate
938 3459 1139 3520 commutat
1164 3499 1185 3535 „
1202 3497 1235 3536 ,‚.

612 3545 708 3622 ldem
730 3548 838 3620 docet
860 3552 891 3612 s.
905 3548 1123 3633 Hieronymus
1143 3544 1201 3619 lib·
1216 3562 1247 3616 ι.
1273 3537 1603 3643 aduersuaJorinia.

556 3665 667 3724 num:
689 3697 711 3732 „
725 3696 749 3731 „
775 3646 883 3725 Certe
903 3641 923 3733 (
933 3640 1065 3737 inquit)
1096 3645 1155 3740 qui
1172 3643 1296 3720 dicunt
1315 3644 1347 3718 se
1369 3647 1466 3723 causa
1485 3654 1602 3741 reipu-

556 3742 683 3829 blicae,
703 3748 737 3820 dr
754 3745 891 3841 generis
913 3744 1058 3821 humani
1074 3746 1244 3821 uxoribus
1267 3745 1368 3840 jungi
1416 3749 1459 3821 dr·
1472 3743 1601 3819 liberor

556 3845 705 3929 tollere,
727 3847 908 3922 imitentur
921 3845 1037 3920 saltem
1058 3844 1211 3941 pecudea
1226 3899 1235 3928 ,
1252 3845 1288 3917 de
1304 3838 1488 3942 postquam
1511 3867 1604 3919 uxo·

556 3967 639 4021 rum
658 3960 779 4021 venter
797 3945 1024 4020 intumuerit.
1040 3967 1113 4021 non
1127 3943 1274 4039 perdant
1290 3941 1405 4029 filios,
1428 3965 1494 4021 nec
1508 3968 1602 4018 ama·

556 4060 654 4121 toret
677 4043 849 4122 uxoribus
870 4040 904 4118 se
923 4043 1137 4124 exhibeant,
1153 4041 1209 4118 sed
1232 4048 1377 4118 maritos
1396 4092 1422 4129 .‚
1438 4088 1470 4129 ,i
1503 4042 1543 4119 Et
1563 4047 1600 4119 in

556 4164 636 4238 cap·
649 4161 681 4239 5.
710 4140 813 4239 Epist.
835 4140 879 4216 ad
906 4140 1088 4236 Ephesios:
1116 4194 1140 4228 „
1156 4196 1178 4228 ,‚
1206 4139 1337 4219 Omnia
1359 4145 1409 4217 vir
1425 4144 1485 4229 ,ἃ
1509 4164 1602 4220 uxor

557 4238 1170 4339 intelligant,sibipostconceptum
1184 4244 1460 4338 magisorationi
1491 4265 1598 4342 quam

558 4344 745 4419 connubio
770 4339 1022 4430 serviendum3
1055 4342 1092 4417 de
1119 4342 1219 4440 qood
1242 4345 1276 4416 in
1301 4344 1537 4420 animalibus,
1565 4345 1601 4417 dr

556 4441 756 4536 bestiisipso
772 4455 903 4516 naturae
923 4442 1251 4537 jureptaesctiptum
1274 4443 1342 4528 est,
1363 4463 1401 4518 ur
1416 4466 1600 4539 pregnan-

487 4580 491 4590 .
528 4582 530 4588 ·
554 4554 607 4621 rer
626 4540 828 4640 aripertum
850 4538 959 4640 usque
977 4563 1054 4622 non
1074 4559 1225 4626 coeant,
1242 4538 1370 4622 hocin
1391 4544 1597 4722 ¹¹⁰fl¹¹³b⁰⁸

1459 4659 1552 4720 crant
