3700 5425
450 542 519 635 De
546 540 813 633 sacramento
844 537 1121 628 Matrimonii·
1231 541 1323 677 ond

313 715 395 811 Qui
414 733 533 792 autem
555 714 745 790 castitatem
767 708 923 808 expresse
942 733 1017 785 non
1038 709 1159 787 vovit,
1177 705 1234 784 sed
1255 720 1311 786 re·¹

259 810 460 919 ligioneni,
481 821 641 909 quamvis
670 813 839 887 lethaliter
868 813 1067 907 peccaverit
1094 806 1311 886 contraheri-

263 926 316 997 do
336 917 626 993 matrimonium,
644 936 689 986 eo
705 928 821 986 tamen
836 909 1020 985 contrado
1040 906 1228 1005 conjugale
1248 907 1310 982 de·

263 1021 382 1098 bitum
405 1037 480 1088 non
513 1012 624 1086 solum
651 1011 822 1092 reddere,
848 1009 905 1084 sed
933 1011 1074 1105 exigere
1108 1007 1221 1105 potest
1237 1030 1251 1100 3
1268 1004 1312 1082 li·

265 1137 326 1197 set
351 1119 446 1191 enim
468 1113 659 1187 castitatem
687 1132 833 1207 quoque
856 1108 1025 1204 implicite
1047 1110 1205 1192 voverit,
1228 1120 1310 1206 quae

266 1223 306 1295 in
325 1234 415 1291 voto
431 1213 612 1308 religionis
627 1213 754 1287 virtute
773 1209 964 1285 includitur
978 1231 990 1289 3
1003 1232 1079 1283 eain
1101 1225 1311 1286 tamennon
1326 1294 1337 1321 Ι

267 1320 369 1398 vovit
388 1310 451 1388 nili
470 1315 507 1386 in
533 1309 610 1386 solo
630 1309 719 1384 statu
741 1309 923 1404 religionis
949 1306 1162 1386 servandam·

577 1459 894 1547 REGULA
944 1462 994 1543 V.

265 1620 346 1725 Qui
362 1638 488 1703 votum
501 1614 647 1721 simplex
660 1616 845 1701 castitatis,
864 1642 940 1699 non
957 1636 1043 1699 teto
1056 1611 1234 1720 religionis
1249 1634 1313 1707 arii

260 1800 264 1808 ,
317 1746 353 1804 te
378 1729 643 1802 matrimonium
664 1722 796 1807 emisit,
817 1745 893 1797 non
912 1737 1052 1819 tenetur
1067 1725 1205 1818 ingredi
1231 1750 1315 1806 mo·

316 1826 505 1903 nasterium
520 1837 602 1897 aute
616 1825 831 1897 matrimonii
856 1819 1215 1904 consummationem.

314 1962 456 2040 denim
489 1985 563 2039 non
595 1963 718 2049 vovit,
746 1974 786 2038 ut
807 1958 1017 2059 supponitur
1027 1981 1041 2052 3
1069 1976 1136 2039 nec
1157 1959 1315 2042 medium

333 2079 406 2139 tam
431 2063 583 2147 durum,
603 2063 638 2136 ta
662 2060 980 2138 extraordinarium
1003 2055 1132 2156 eligere
1151 2076 1316 2143 tenetur.

269 2185 355 2240 sum
380 2161 442 2239 alia
473 2162 658 2259 suppetant
684 2160 729 2235 ad
753 2160 931 2235 vitandam
961 2163 1037 2238 toti
1063 2160 1315 2246 violationeml

267 2261 560 2359 dispensationem
580 2262 674 2335 enlm
696 2260 857 2335 obtinere
877 2259 1018 2359 potest,
1039 2261 1094 2337 tel
1114 2262 1211 2340 alten
1226 2278 1319 2339 code

273 2366 348 2458 iugi
380 2361 611 2459 persuadere,
639 2373 678 2434 ut
702 2362 959 2437 continentiam
984 2372 1113 2436 voveat
1133 2409 1144 2444 ‚
1162 2374 1224 2440 aut
1247 2360 1318 2457 juri

267 2463 335 2539 suo
358 2461 469 2536 cedat.
512 2459 550 2534 ld
582 2456 813 2534 confirmatur
844 2474 891 2535 ex
917 2456 1191 2558 Extratagantii
1214 2463 1321 2534 Anti-

270 2582 337 2656 quis
350 2616 360 2646 ‚
375 2558 522 2656 Joannis
539 2566 596 2628 22.
623 2561 678 2628 De
699 2557 731 2628 V
732 2577 809 2645 oto,
829 2561 871 2630 (ff
896 2564 972 2630 voti
986 2562 1241 2654 Redemptioiit,
1256 2551 1319 2639 ubl

274 2662 533 2757 conjugatum,
554 2659 713 2757 quiante
730 2661 948 2735 matrimonii
973 2657 1320 2739 consummationem
1351 2749 1354 2753 ,

271 2761 410 2837 sacrum
434 2762 588 2856 aliquem
619 2755 795 2835 Ordinem
820 2757 949 2852 absque
973 2764 1097 2837 uxoris
1120 2759 1285 2839 assensus
1303 2803 1322 2825 -

272 2861 445 2956 seeperitt
472 2915 493 2948 „
512 2910 533 2948 „
562 2859 616 2931 Ad
637 2855 825 2953 ingressum
855 2857 1058 2956 religionis,
1085 2857 1110 2936 li
1135 2864 1320 2937 martimo·

276 2964 374 3036 nium
396 2959 681 3033 consummatum
714 2981 788 3031 non
821 2954 948 3044 fuerit,
975 2977 1037 3055 pet
1066 2958 1320 3038 Dioecesanutn

273 3062 461 3137 stillantem
487 3060 625 3131 moneri
643 3061 818 3150 precipit,
842 3057 879 3131 ds
898 3057 1044 3140 inducis
1069 3061 1172 3158 quod
1201 3059 1225 3134 si
1248 3059 1325 3144 sor·

274 3160 331 3235 san
351 3163 507 3235 renuerit
528 3156 738 3253 adimplete,
759 3152 893 3255 lpsum,
914 3156 938 3231 ll
965 3157 1084 3255 sponsa
1105 3162 1178 3253 elus
1192 3158 1324 3234 instite-

273 3264 342 3343 rit,
364 3284 424 3354 per
450 3256 641 3333 Censutam
662 3255 924 3333 ecclesiasticam
947 3258 1239 3352 compellendum
1262 3250 1328 3345 effe,

278 3358 498 3435 conoessum
518 3358 785 3430 matrimonium
801 3356 1048 3433 consummare
1067 3403 1134 3447 „,‚·
1160 3351 1323 3433 Haecau·

274 3473 352 3532 tem
380 3459 516 3530 coatlio
553 3455 597 3528 ad
623 3453 944 3533 consummandum
973 3451 1056 3532 esset
1079 3451 1224 3542 illicita,
1255 3469 1324 3535 nes

280 3553 430 3633 Ecclesia
451 3552 612 3629 Censoris
640 3554 872 3630 ecclesiasticis
900 3554 997 3632 hunc
1022 3559 1058 3629 in
1081 3553 1186 3632 finem
1209 3568 1327 3630 urere-

279 3673 359 3733 tur,
387 3653 410 3725 si
438 3657 486 3736 is,
515 3658 575 3746 qui
598 3670 726 3729 votum
752 3654 927 3752 simplex,
953 3648 1139 3731 aut‘etiam
1169 3653 1327 3731 solemne

278 3755 440 3830 castitatis
462 3754 496 3824 in
520 3754 605 3826 sacri
623 3750 769 3829 Ordinis
800 3754 1018 3849 susceptione
1045 3754 1172 3852 absque
1199 3755 1325 3835 uxorii

278 3851 408 3928 assensu
443 3850 581 3925 emisit,
606 3877 681 3928 non
713 3850 825 3944 posset
857 3856 1131 3932 matrimonium
1158 3852 1328 3933 consum·
1386 3889 1390 3910 ·

280 3976 375 4029 niare
405 3954 563 4048 conjuge
585 3953 831 4050 exigentei&
857 3953 1046 4049 urgentei⁵

574 4134 898 4227 nuoutii
949 4119 1034 4223 vi.

281 4295 454 4403 Simplicis
482 4305 556 4379 voti
573 4304 900 4380 continentissimis
925 4291 1193 4379 matrimonium
1220 4281 1330 4377 ciiiilil

332 4428 435 4480 reus,
457 4419 597 4478 tenetur
612 4419 755 4478 mortua
771 4425 886 4478 uxore
906 4402 1163 4478 continentiam
1176 4403 1333 4474 omniuo

329 4502 488 4589 servare;
509 4502 531 4576 li
554 4527 641 4575 vero
667 4518 757 4576 voto
777 4500 958 4595 religionis
983 4498 1026 4585 fit
1046 4499 1256 4581 obruistis.
1276 4517 1335 4589 reg

331 4601 511 4699 ligionem
536 4591 676 4700 ingredi
703 4593 878 4690 teneturi'
1155 4647 1158 4654 -
1232 4578 1286 4672 lta
