3700 5425
499 662 510 685 t
551 552 635 673 3⁸².
754 532 911 634 Theol
934 534 1050 653 Dog.
1084 534 1295 632 ullum.
1316 534 1413 635 Lib.
1432 537 1491 632 11.

552 719 811 811 peccatorum
829 731 905 787 non
920 722 963 787 ut
982 708 1062 803 post
1076 710 1141 784 riri
1156 702 1352 787 disortium
1369 710 1526 789 adultera
1550 735 1607 792 re·

552 806 705 889 v'ocetur
717 862 728 895 ‚
742 807 800 885 sed
811 831 851 887 ut
870 811 953 907 post
968 806 1097 886 Chrilli
1110 808 1332 887 consortium
1347 808 1502 888 adultera
1524 838 1603 893 non

555 925 719 987 vocetur.
759 904 896 986 Verum
920 931 1005 985 ecce
1029 931 1104 1007 non
1141 910 1228 994 fiat,
1251 932 1362 986 nemo
1395 914 1603 1010 compellit.

555 1004 640 1107 quia
663 1006 756 1086 sorte
782 1007 843 1083 lex
871 1007 988 1107 aliqua
1017 1007 1122 1103 hujus
1152 1007 1255 1084 seculi
1290 1024 1385 1086 vetat
1408 1010 1605 1093 secundum

554 1120 705 1209 terrenae
724 1110 873 1184 civitatis
901 1107 1082 1191 modum.
1108 1107 1170 1184 ubi
1194 1111 1351 1205 cogitatu
1369 1132 1444 1186 non
1465 1111 1514 1188 est
1540 1118 1601 1188 ab·

558 1207 665 1285 olitio
686 1209 876 1283 criminum
890 1229 952 1304 per
970 1208 1187 1304 Sanguinem
1199 1208 1363 1285 santium·
1389 1208 1604 1307 suscipiatur

558 1308 650 1402 'ergo
675 1310 920 1383 continentia,
937 1330 1045 1405 quarn
1073 1306 1166 1383 nulla
1192 1306 1250 1383 lex
1271 1306 1461 1406 prolrlbet3
1479 1314 1513 1384 in
1537 1312 1604 1391 alia

556 1416 638 1505 ¹Jnon
657 1422 756 1484 eatur
776 1404 953 1483 adulteria.
984 1404 1029 1483 [st
1048 1409 1135 1507 quid
1153 1407 1197 1481 ad
1221 1431 1318 1494 nou,
1343 1405 1368 1483 fl
1393 1432 1459 1485 nec
1482 1409 1603 1487 saltem

558 1507 677 1583 diviua
690 1501 910 1583 miseratione
934 1506 1101 1583 mundata
1119 1510 1247 1582 marito
1271 1510 1516 1585 reconcilietur
1539 1513 1604 1586 ad·

558 1607 693 1693 ultera,
715 1608 803 1683 dum
830 1621 948 1681 tamen
971 1630 1047 1681 non
1069 1607 1302 1683 reconciliatis
1322 1608 1508 1690 adulteria,
1526 1633 1604 1687 non

558 1707 626 1803 plia
648 1703 733 1782 fiant
747 1700 842 1805 quast
861 1708 1064 1792 connubia,
1084 1726 1163 1803 quae
1176 1710 1440 1783 convincuntur
1462 1706 1529 1783 else
1543 1711 1605 1785 ad·

559 1806 684 1885 ulteria
707 1859 729 1896 „
741 1802 792 1897 „s
816 1801 1030 1901 Huiusmodi
1043 1823 1162 1882 autem
1180 1808 1421 1883 reconciliatio
1439 1831 1523 1885 cum
1542 1812 1606 1885 ud·

560 1906 673 1985 ultera
695 1904 854 1999 coniuge
886 1908 1037 2003 proprio
1057 1905 1192 2001 judicio
1214 1902 1289 1982 fieri
1319 1908 1455 2003 potest,
1480 1931 1605 2009 quam-

558 2010 613 2085 vls
625 2004 767 2081 divortii
790 2004 1019 2083 sententiaeb
1040 2002 1191 2083 Ecclesia
1212 2005 1278 2083 latu
1291 2006 1417 2085 sueritr
1441 2012 1605 2103 cumquei.

555 2101 641 2188 liber
665 2106 706 2173 ai
730 2108 981 2176 renuntiandum
995 2108 1072 2197 juri
1086 2104 1146 2191 suo
1167 2101 1306 2176 liberam
1329 2101 1447 2178 habear
1461 2104 1607 2198 statuite.

557 2228 649 2290 geru
663 2218 705 2284 ut
729 2204 859 2283 dicitur
878 2228 912 2290 c.
943 2204 1000 2277 Ex
1021 2201 1239 2295 coessentia,
1263 2200 1346 2289 Ext.
1381 2208 1438 2279 De
1466 2212 1604 2283 crimine

552 2300 647 2416 rau.
1237 2392 1244 2405 .

572 2480 574 2485 ’
849 2480 1183 2578 REGULA
1231 2484 1315 2576 xl.

437 2634 439 2643 ¹
561 2648 630 2737 Vir
647 2656 795 2756 proprio
812 2651 947 2748 judicio
964 2675 1117 2731 onorem
1134 2651 1328 2732 adulteram
1340 2651 1516 2734 dimittere
1529 2675 1607 2736 non

556 2773 560 2780 ·
612 2755 756 2855 potest;
784 2753 842 2831 sed
867 2753 1084 2834 ecclesiasticl
1114 2750 1251 2853 Judicis
1278 2754 1446 2834 sententia
1484 2756 1606 2835 dirot-

612 2861 705 2935 tium
729 2855 873 2932 decerni
891 2854 1009 2931 debet·

555 3007 559 3014 ’
667 3012 760 3093 ullus
783 3014 878 3088 enim
901 3012 939 3087 in
952 3009 1076 3088 eadem
1094 3009 1191 3090 causa
1207 3011 1304 3090 altor
1324 3011 1373 3091 est
1391 3067 1402 3100 ‚
1426 3013 1463 3090 dr
1480 3012 1605 3108 judex.

686 3111 751 3190 Vir
772 3129 891 3190 autem
915 3116 952 3186 in
977 3109 1075 3188 causa
1093 3112 1254 3190 adulterii
1267 3112 1428 3191 adversus
1450 3135 1604 3191 uxorem

561 3212 660 3293 ador
680 3214 751 3298 est,
777 3225 818 3289 ut
835 3211 973 3288 constat
999 3234 1046 3286 ex
1069 3233 1144 3309 cap.
1171 3216 1323 3282 Maririr.
1350 3209 1432 3291 Ext.
1454 3219 1508 3284 De
1536 3221 1606 3284 Aa·

561 3316 716 3398 altariis,
737 3311 838 3407 quod
861 3309 1029 3389 Concilio
1049 3308 1219 3389 Parisrcnfi
1242 3314 1430 3394 tribuitur:
1455 3316 1605 3411 proprio

560 3415 681 3511 itaque
706 3413 842 3510 judicio
858 3413 961 3487 illam
993 3409 1173 3487 dimittere
1201 3435 1276 3489 non
1302 3413 1442 3506 potest,
1461 3412 1518 3490 sed
1543 3436 1608 3489 ex-

401 3571 403 3576 .
559 3515 690 3613 pedari
715 3513 820 3589 debet
839 3507 975 3609 Judscis
995 3510 1214 3587 ecclefiastici
1237 3514 1426 3598 sententia,
1448 3513 1608 3591 utsanci-

558 3630 639 3690 tum
663 3612 712 3689 est
738 3635 816 3689 can.
842 3612 1032 3697 seculares,
1051 3610 1150 3688 causa
1173 3629 1232 3702 33·
1261 3635 1298 3710 q.
1319 3634 1352 3687 ι.
1374 3617 1435 3711 qui
1460 3613 1606 3690 Cartha-

558 3709 696 3810 ginensi
718 3709 888 3787 Concilio
912 3734 932 3786 a
952 3713 1115 3781 Gratiano
1138 3713 1321 3797 tribuitur,
1340 3735 1424 3789 cum
1446 3716 1486 3789 fit
1512 3715 1607 3807 Aga-

557 3812 690 3890 thenfis
709 3810 840 3890 Canon
856 3830 916 3897 25·
935 3866 957 3902 „
974 3865 998 3905 ,‚
1025 3807 1203 3888 Seculares
1233 3812 1405 3905 (inquit)
1430 3814 1491 3911 qui
1516 3835 1607 3887 con·

556 3912 676 4011 jugale
697 3910 919 3989 consortium
945 3909 1039 3988 nulla
1069 3912 1224 4008 graviori
1252 3912 1355 4004 culpa
1392 3910 1599 3998 dimittunt,

476 4077 479 4084 .
554 4013 615 4088 vel
635 4014 740 4089 etiam
766 4010 972 4087 dimiserunt
996 4064 1007 4097 ,
1029 4010 1066 4085 ἃ
1094 4008 1206 4086 nullas
1231 4010 1346 4088 causas
1375 4007 1499 4087 dillidri
1522 4034 1607 4108 pro·

540 4111 717 4216 'habiliter
752 4122 1032 4209 proponentes,
1061 4129 1247 4206 propterea
1280 4110 1335 4187 sua
1375 4113 1602 4186 matrimonia

554 4210 766 4294 dimittunt,
791 4221 831 4287 ut
853 4222 914 4287 aut
940 4208 1083 4291 illicita,
1106 4223 1168 4287 aut
1185 4209 1295 4286 aliena
1322 4208 1554 4307 praesumant;
1577 4207 1602 4286 fl

554 4329 748 4409 antequam
778 4309 873 4404 apud
902 4305 1096 4405 Episcopus
1124 4309 1447 4404 comprovinciales
1476 4308 1599 4386 dissidii

555 4407 657 4488 causa
675 4408 854 4492 dixerint.
875 4408 912 4486 de
933 4406 1134 4508 priusquam
1162 4412 1199 4484 in
1215 4409 1349 4502 judicio
1365 4408 1599 4491 damnentur.

412 4614 418 4638 Ι
555 4531 691 4589 exoro
714 4506 789 4590 suaa
816 4507 1036 4606 abiecerint,
1062 4530 1085 4590 e
1108 4504 1378 4591 Commuoione
1399 4507 1521 4680 srtntlael
1540 4504 1608 4596 lic,

1488 4629 1559 4683 ce·
