3700 5425
550 564 635 657 286
710 494 1081 705 .ule01.n0g.³a
1103 555 1253 652 uorat
1275 557 1367 651 uu
1399 561 1456 660 Π,

550 735 640 818 bus,
660 755 766 830 quam
788 755 849 825 per
870 729 989 826 seipsas
1006 732 1243 815 mutaverint,
1265 735 1301 808 dt
1325 732 1357 808 se
1376 733 1496 833 postea
1509 759 1602 816 corr.

549 849 604 912 tta
627 833 750 908 statuta
773 828 938 908 Parrum,
960 829 1015 903 vel
1038 849 1213 924 praecepta
1236 831 1447 917 Canopum,
1470 841 1600 932 conju.

549 938 614 1030 gio
644 931 855 1009 crediderint
870 930 1109 1026 copulandas,
1129 931 1264 1007 tamdiu
1283 937 1423 1031 utrique
1445 934 1598 1012 habean-

547 1046 609 1113 tur
632 1057 651 1107 a
677 1029 946 1111 Communione
975 1026 1143 1126 suspensi,
1172 1034 1358 1134 quousque
1397 1037 1498 1134 quod
1533 1038 1601 1114 illi.

546 1132 618 1208 'cite
640 1147 948 1229 perpetraverunt,
964 1130 1177 1219 emendent3
1195 1148 1255 1206 aut
1279 1131 1302 1205 sr
1324 1136 1512 1209 emendare
1533 1160 1597 1212 ne-

576 1233 745 1313 lexerint,
764 1254 783 1305 n
801 1229 1071 1305 communione
1089 1226 1334 1316 ecclefiallica,
1350 1235 1405 1308 vel
1430 1238 1595 1314 omnium

545 1257 1029 1510 {brillianmumconvivio
1059 1331 1337 1436 inperpetuum
1372 1332 1440 1410 lint
1473 1334 1596 1431 seque·

578 1437 641 1509 fati
671 1487 692 1522 tt
706 1483 744 1521 »ο

595 1588 617 1622 ,,
635 1587 656 1621 „
683 1527 833 1605 lncellas
855 1550 941 1603 vero
964 1527 1234 1624 coniunctiones
1254 1531 1298 1608 ab
1313 1535 1414 1606 omni
1429 1530 1595 1611 Christia-

543 1655 678 1710 norum
703 1630 842 1729 populo
864 1624 1061 1705 censuimus
1083 1627 1274 1723 specialiter
1292 1629 1459 1725 tel'ecari3
1481 1639 1527 1708 ita
1552 1650 1594 1717 ut

543 1732 569 1808 st
591 1734 668 1829 quis
693 1730 845 1805 reliclam
869 1728 1003 1804 fratris,
1021 1728 1180 1805 sororem
1201 1736 1346 1808 uxoris,
1367 1737 1589 1828 privignam,

542 1832 823 1911 consobrinam,
846 1827 1047 1911 sobrinam,
1077 1828 1131 1901 vel
1157 1831 1312 1906 relidam
1338 1835 1423 1904 item
1447 1841 1589 1927 patrui,

540 1950 650 2025 atque
663 1928 849 2009 avunculi,
865 1929 920 2002 vel
933 1931 967 2001 in
983 1927 1161 2024 religionis
1176 1930 1298 2011 habitu
1311 1928 1485 2017 deditam,
1502 1954 1590 2012 con.

541 2033 631 2127 jogli
646 2029 831 2106 crediderit
849 2029 1032 2103 consortio
1050 2027 1269 2118 violandam,
1284 2033 1418 2106 tamdiu
1436 2057 1456 2106 a
1477 2033 1592 2110 Com·

542 2131 726 2215 munionis
751 2127 934 2205 consortio
954 2127 1186 2223 segregetur.
1207 2132 1377 2228 quamdiu
1398 2135 1441 2205 ab
1463 2132 1591 2209 illicitis

352 2273 355 2280 ,
433 2294 438 2301 .
497 2298 499 2303 .
542 2228 856 2322 conjunctionibus
881 2229 1154 2328 sequestratione
1169 2228 1439 2311 manifestissima
1464 2233 1590 2313 debeat

539 2331 990 2506 migggrcessffiffimense
1020 2450 1117 2502 anno
1135 2422 1219 2513 625·
1256 2426 1420 2505 Canones
1448 2426 1588 2529 Synodi

539 2527 755 2611 Parilieulis,
780 2551 887 2624 quam
915 2527 1108 2598 Generalem
1143 2526 1454 2610 vocat,lt'ccles1ae
1484 2533 1588 2604 nimi·

538 2654 621 2709 rum
644 2628 823 2724 gallicnnae
849 2629 1043 2725 plenariam
1068 2673 1079 2708 ‚
1105 2629 1206 2701 omni
1231 2624 1397 2702 firmitate
1419 2629 1587 2706 custodiri

538 2733 651 2828 jubet.
686 2727 832 2805 lncestas
860 2729 1133 2823 conjunclionee
1154 2738 1267 2816 cans
1325 2728 1439 2804 rursus
1463 2730 1586 2824 prohi-

535 2830 621 2911 bet,
645 2830 754 2903 irritas
774 2827 945 2911 declarat,
964 2847 1070 2928 atque
1089 2829 1135 2900 ita
1154 2826 1365 2920 conjuntlos
1385 2834 1489 2904 novis
1504 2852 1586 2923 poe-

534 2932 591 3006 uis
614 2928 769 3022 subjicit,
797 2927 858 3003 niss
876 2929 1124 3024 poeniteutiam
1147 2926 1280 3000 sceleris
1303 2947 1426 3004 mutua
1450 2928 1584 3019 separa·

533 3034 634 3107 tione
662 3030 840 3103 testentur·
864 3083 918 3117 „„
947 3025 1005 3102 De
1027 3026 1188 3109 incestis,
1210 3029 1341 3117 inquit,
1357 3030 1584 3122 conjunctio·

531 3131 659 3209 nibus,
681 3126 704 3201 sr
728 3132 804 3225 quis
827 3128 915 3204 infra
938 3126 1104 3224 scriptum
1127 3125 1334 3202 Cauonibus
1357 3132 1508 3221 gradum
1528 3133 1582 3203 in·

530 3228 693 3304 celiuolo
718 3231 844 3303 ordine
875 3250 958 3302 cum
987 3227 1038 3301 his
1062 3225 1241 3321 personis,
1263 3229 1389 3322 quibus
1415 3253 1433 3300 a
1458 3228 1586 3301 divinit

529 3322 678 3424 Regulis
711 3326 946 3423 prohibetur,
971 3326 1003 3401 se
1033 3327 1284 3418 conjunxerit,
1314 3326 1374 3398 nili
1400 3332 1583 3421 poeniten·

527 3430 615 3504 tiam
635 3427 902 3526 sequestratione
928 3426 1118 3503 testentur,
1146 3424 1416 3502 Communium
1439 3430 1579 3521 priten·

528 3541 609 3621 tur,·
632 3530 668 3602 dc
699 3551 814 3625 neque
842 3529 877 3600 in
913 3527 1042 3619 palatio
1073 3526 1255 3606 militiam,
1279 3549 1394 3621 neque
1421 3528 1577 3623 agenda·

526 3650 608 3705 rum
634 3628 812 3703 causarum
842 3626 1019 3701 licentiam
1045 3624 1209 3704 habeant.
1255 3621 1299 3700 Et
1321 3628 1467 3721 quando
1493 3649 1582 3720 prae·

525 3727 610 3803 dieti
636 3727 666 3801 l'e
684 3724 872 3802 incestuosi
892 3728 1169 3816 conjunxerint,
1191 3725 1371 3825 Episcopi,
1396 3728 1451 3801 seu
1478 3722 1578 3800 Pres-

524 3829 658 3925 byteri,
676 3832 712 3900 in
734 3850 891 3912 quorum
919 3822 1097 3903 Dioeces1‚
1122 3823 1177 3898 vel
1195 3849 1290 3924 pago
1313 3825 1430 3905 aslum
1448 3825 1574 3911 suerit,

521 3923 615 4021 Regi
635 3970 644 4000 t
664 3928 716 4000 vel
740 3923 924 4020 ⁸lodicibus
948 3926 1054 4000 scelus
1070 3943 1311 4021 perpetratum
1332 3928 1541 4001 annuntient
1560 3945 1574 4014 ;

520 4046 564 4104 ut
585 4050 668 4100 cum
692 4029 770 4127 ipsis
795 4025 1043 4100 denuntiatum
1067 4016 1190 4108 lu'erit,
1209 4028 1240 4099 se
1258 4029 1300 4100 ab
1321 4049 1446 4100 eorum
1470 4048 1576 4100 com-

520 4129 720 4211 munione,
746 4138 807 4199 aut
835 4124 1100 4200 cohabitatione
1117 4123 1354 4219 sequestrent,
1371 4126 1408 4200 dt
1431 4148 1485 4199 res
1509 4148 1575 4199 eo·

521 4248 603 4305 rum
632 4225 864 4323 adpropriet
893 4240 1053 4319 parentes
1083 4230 1310 4319 perveniant,
1336 4224 1397 4301 sub
1420 4248 1459 4300 ea
1483 4248 1576 4300 con·

521 4326 678 4412 ditione,
702 4342 742 4400 ut
772 4340 961 4418 antequam
981 4322 1253 4421 sequestrentur,
1275 4347 1338 4419 per
1356 4322 1492 4406 nullum
1519 4329 1579 4400 in.

519 4428 686 4523 genium,
702 4447 818 4519 ireque
840 4447 901 4516 per
916 4442 1095 4522 parentes,
1115 4446 1230 4517 neque
1249 4448 1311 4519 per
1327 4431 1572 4517 emptionem,

517 4547 637 4637 neque
661 4548 724 4624 per
744 4521 991 4605 austeritatem
1009 4527 1168 4629 regiam,
1198 4524 1426 4629 adproprias
1450 4546 1584 4636 perae„

1423 4642 1523 4706 uiant
