3700 5425
496 574 567 669 De
596 572 781 665 Peccatis
814 577 860 665 in
887 600 1062 691 generet
1229 574 1324 687 435'

259 751 379 829 venlat
400 746 437 823 in
461 745 583 842 atiquo
615 767 771 841 corpore
795 800 807 835 .
830 745 997 846 relinquit
1030 743 1118 845 illud
1147 746 1316 823 tenebro-

259 851 362 930 sum.
391 845 476 923 ficut
496 861 595 942 patet
614 846 658 921 de
685 847 936 938 domo‚cujus
957 842 1111 924 senesitae
1126 845 1205 923 sunt
1218 842 1316 923 clnu·
1411 881 1442 923 ..'.

259 949 333 1037 [κς
360 944 416 1022 sed
439 958 557 1025 tamen
583 945 672 1023 illiue
696 945 951 1023 obscurationis
974 946 1074 1049 nullo
1097 943 1212 1023 modo
1230 964 1315 1025 cau·

260 1049 294 1129 sa
308 1047 358 1127 est
375 1043 461 1130 Sol,
488 1068 562 1121 non
590 1049 685 1118 anim
711 1047 773 1127 suo
792 1045 929 1140 judicio
951 1048 1045 1144 agit,
1063 1060 1103 1121 ut
1122 1044 1243 1121 lumen
1256 1045 1315 1119 in-

260 1152 369 1227 terim
393 1167 467 1218 non
499 1147 688 1228 immittat,
707 1143 764 1221 sed
801 1144 898 1224 causa
926 1146 1001 1241 ejus
1017 1145 1068 1223 est
1087 1143 1201 1222 solum
1224 1139 1310 1229 ule,

260 1251 326 1343 qui
355 1244 487 1322 claudit
515 1242 709 1323 fenestram·
737 1242 834 1320 Deus
859 1260 978 1322 autem
1001 1247 1151 1345 proptio
1172 1242 1312 1333 judicio

260 1346 383 1429 lumen
406 1346 614 1439 gratianun
635 1345 795 1427 immittit
814 1345 902 1420 illie,
928 1347 964 1421 in
992 1345 1120 1440 quibus
1150 1340 1313 1419 obstacu-

264 1447 341 1523 lum
361 1446 508 1519 inreuit.
533 1439 640 1517 Unde
656 1444 753 1519 causa
776 1443 1015 1520 subtradiunis
1032 1441 1213 1541 gratiaeesl
1233 1462 1311 1516 uon
1424 1496 1426 1500 ,

259 1542 379 1629 ¹solum
406 1541 486 1627 ille,
514 1545 694 1645 quiponit
716 1544 937 1622 obstaculum
958 1548 1099 1638 gratia.
1124 1541 1311 1621 sedetiam

261 1642 364 1725 Deus
379 1648 463 1738 ‚qui
486 1639 551 1716 suo
583 1643 716 1727 iudicio
735 1647 883 1738 gratiam
901 1667 977 1719 non
993 1644 1155 1739 apponit.
1182 1637 1225 1717 tt
1246 1660 1311 1734 pet·

263 1744 364 1821 ltunc
390 1738 540 1821 modum
552 1737 714 1821 Deutest
727 1741 823 1819 causa
852 1746 1117 1826 excaecationis,
1135 1742 1310 1841 &aggrm
1464 1829 1468 1837 ,

262 1845 417 1919 vationit
439 1843 575 1916 aurium
592 1842 910 1919 ‚deobdurationis
925 1842 1044 1925 cordis
1069 1887 1138 1934 „„·
1168 1839 1225 1917 sic
1245 1863 1310 1917 au·

261 1959 339 2020 tem
374 1940 510 2112 sut'nuta
550 1942 832 2020 excaecati02&
865 1943 1059 2023 obduratio
1091 1963 1199 2040 poeua
1232 1932 1306 2027 est.

261 2063 341 2121 uon
369 2062 414 2115 cu
431 2063 483 2133 pa.

317 2139 485 2236 Denique
502 2162 586 2217 cum
599 2135 698 2217 Deus
715 2138 842 2221 dicitur
853 2145 974 2211 Crenas
988 2140 1108 2211 nulum
1119 2134 1137 2236 (
1148 2136 1309 2231 Isaram-i

262 2236 310 2325 Et
323 2294 335 2328 ,
349 2243 385 2310 Si
397 2244 462 2309 trit
477 2238 597 2309 mutum
621 2243 656 2309 in
675 2239 817 2309 civitate
833 2295 844 2326 ‚
858 2245 943 2335 quud
959 2244 1122 2311 Dominus
1140 2262 1202 2309 uon
1219 2232 1308 2327 fect·

261 2345 311 2412 rit
328 2369 338 2419 r
357 2340 499 2431 (Amor
513 2342 572 2425 3.)
588 2361 661 2414 non
676 2357 883 2434 peccatum,
900 2340 956 2417 sed
971 2364 1116 2438 poenam
1128 2333 1241 2421 secisse
1253 2339 1308 2419 iu·
1457 2356 1460 2367 '

261 2438 474 2535 talligtudur
492 2439 541 2517 all
558 2496 569 2530 ,
584 2454 625 2516 ut
641 2441 821 2539 explicant
837 2447 869 2514 S.
891 2440 1087 2534 Augustinus
1112 2440 1172 2517 lib.
1195 2456 1311 2510 contra

260 2543 608 2635 Addimuututn‚cap.
623 2552 682 2611 26.
710 2545 741 2614 S.
757 2543 936 2632 Gregorius
960 2541 1021 2617 lib.
1047 2563 1078 2631 3.
1102 2538 1307 2625 Moralium,
1445 2620 1448 2625 ¹

262 2661 340 2735 cap.
354 2649 386 2712 6.
407 2644 450 2710 (u
463 2645 495 2708 t.
506 2636 646 2708 Thomas
662 2641 925 2735 r.parr.quatst.
938 2657 1070 2732 unart.
1089 2656 1127 2718 a·
1138 2638 1236 2718 idem
1259 2636 1310 2724 est

262 2737 376 2817 sensus
395 2738 525 2816 horum
552 2740 743 2821 uerborum
763 2737 1057 2819 DominiDauid
1087 2743 1314 2816 comminan-

261 2841 307 2920 tia
320 2858 354 2916 2.
366 2837 454 2935 Reg.
471 2856 527 2916 12.
541 2835 703 2922 Suscitabu
714 2836 812 2928 suuper
826 2859 858 2908 te
871 2842 990 2910 malunt
1001 2846 1039 2908 dt
1050 2841 1141 2908 tomo
1153 2858 1229 2921 tua,
1239 2840 1312 2915 &m

267 2936 406 3014 Eodem
422 2942 526 3023 etiam
540 2936 635 3012 seusu
652 2935 741 3013 Isaiae
760 2958 813 3027 ¹3·
826 2940 976 3018 dicitur,
997 2937 1119 3016 Deum
1145 2935 1314 3021 suscitasse
1401 2961 1407 2971 ‘
1427 2955 1433 2968 '

270 3035 405 3114 Medos
431 3052 557 3116 contra
573 3031 790 3134 Babylonem
804 3094 814 3122 ,
828 3037 976 3138 ipsisque
993 3035 1192 3126 mandasse,
1212 3054 1252 3119 ut
1271 3039 1314 3117 il.

272 3136 341 3213 lam
368 3136 627 3233 disperderent,
649 3159 691 3211 ac
711 3138 889 3213 vallarent.

319 3233 427 3312 Hunc
438 3235 625 3315 articulum
646 3234 801 3314 absoluat
833 3236 997 3336 praeclara
1020 3241 1053 3309 S.
1075 3231 1211 3328 August.
1227 3237 1314 3313 Sen-

262 3337 375 3411 tentia
397 3355 449 3428 14.
468 3336 528 3412 lib.
547 3339 598 3405 De
617 3338 757 3405 civitate
777 3340 844 3407 Dei
859 3387 868 3418 ‚
881 3361 958 3435 cap.
983 3353 1039 3428 13.
1064 3394 1087 3428 ,‚
1114 3334 1166 3416 Ut
1191 3353 1316 3418 natura

262 3489 286 3526 „
306 3433 347 3508 stt
362 3488 372 3520 ,
387 3457 433 3509 ex
448 3457 493 3509 eo
511 3435 640 3517 babet,
665 3433 800 3526 quoda
819 3433 903 3515 Deo
928 3435 1015 3514 sada
1042 3437 1091 3516 esi
1105 3458 1118 3524 ;
1132 3453 1171 3515 ut
1194 3455 1315 3516 autem

263 3587 288 3624 ‚,
304 3536 347 3607 ab
361 3556 426 3618 ro,
440 3536 539 3630 quod
557 3536 615 3617 est,
627 3533 783 3623 deliciet,
795 3561 840 3612 ex
858 3537 932 3617 hoc
945 3587 956 3621 ,
970 3538 1069 3634 quod
1083 3535 1253 3613 deuibilo
1265 3537 1316 3620 sa·

266 3687 289 3724 „
309 3633 360 3709 da
375 3633 424 3709 est
445 3681 480 3724 n·
507 3633 578 3717 Cui
595 3633 767 3716 consonat
787 3645 821 3715 b.
837 3641 1026 3729 Fulgentius
1051 3637 1109 3712 lib.
1125 3641 1162 3703 de
1182 3637 1314 3708 fruetur

251 3740 512 3829 „eertumoeap-
530 3753 564 3822 3.
590 3789 644 3824 ‚,‚‚
663 3730 750 3811 ldeo
779 3755 910 3816 naturae
931 3762 950 3813 a
975 3734 1058 3813 beo
1088 3735 1181 3812 sallat
1205 3734 1315 3832 prou-

265 3831 525 3928 cerebellum,
541 3832 701 3933 quiaesse
718 3852 933 3931 coeperunt:
952 3837 1033 3909 ideo
1051 3835 1313 3930 deicerentur
1416 3897 1422 3902 .

264 3954 312 4006 ex
337 3934 449 4009 nihilo
466 3933 672 4023 sntlaesunt3
686 3936 728 4008 ad
755 3936 930 4013 desetlum
946 3959 1001 4010 eas
1028 3932 1126 4011 ducit
1149 3937 1314 4017 conditio

256 4032 434 4143 originis3
455 4032 499 4113 ad
515 4030 712 4129 prosedum
737 4058 824 4112 vero
843 4033 1010 4133 provebit
1029 4036 1190 4136 porentia
1206 4034 1314 4120 Creu.

265 4142 354 4208 tons
379 4185 401 4220 ‚,
421 4186 452 4220 ,ν

312 4225 503 4304 Neminem
523 4244 666 4307 moveat
683 4229 786 4314 locus
815 4231 874 4312 ille
893 4239 924 4304 s.
941 4230 1078 4328 August.
1100 4233 1161 4310 lib,
1175 4235 1213 4301 de
1233 4236 1306 4304 Per·
1326 4227 1398 4322 Quo
1419 4230 1502 4300 unt·

255 4322 404 4417 fidium
419 4325 556 4417 juditta
571 4352 667 4427 ‚can
682 4352 695 4401 r
702 4347 736 4423 3.
764 4387 787 4422 ‚,
811 4327 1069 4420 Hucbonum,
1086 4333 1185 4430 quod
1197 4331 1306 4410 eme.
1325 4305 1500 4449 {ffiffl

260 4481 284 4517 „
301 4429 439 4522 quirere
451 4424 572 4509 Deum
589 4452 685 4506 anun
704 4448 797 4506 erat·
814 4437 877 4529 qui
893 4433 1021 4508 saceret
1034 4481 1043 4508 ‚
1056 4458 1131 4508 non
1160 4449 1233 4506 erat
1256 4430 1305 4507 us-
1324 4460 1507 4535 padernum,

260 4575 286 4627 ῃ
301 4550 371 4635 que
389 4527 434 4610 etl
455 4550 567 4611 unum
585 4528 668 4620 ‚ltd
683 4532 719 4606 in
736 4553 781 4604 eo
797 4555 929 4626 geuete
952 4533 1141 4620 homiuum
1168 4586 1178 4618 ,
1208 4532 1309 4626 quod
1325 4549 1378 4607 tut
1391 4535 1424 4611 S.
1439 4539 1501 4612 du·

688 4625 719 4713 E
745 4654 765 4710 e
792 4649 812 4725 3
1137 4651 1273 4763 „pras
1391 4718 1407 4744 ὁ
