3700 5425
396 562 399 569 ·
424 535 494 627 De
524 531 791 625 sacramento
812 492 1091 651 Mammoniu
1123 584 1128 597 ·
1219 552 1310 655 ane
1444 552 1448 561 ·

537 693 858 797 REGUM
898 696 979 791 ¹Vl
995 694 1028 779 1.

258 851 411 944 Servus,
427 862 488 960 qui
507 859 659 938 domino
681 861 923 940 consentiente
935 860 1202 955 matrimonium
1215 868 1327 937 cons

313 968 419 1041 traxit
432 1020 441 1048 .
456 966 562 1037 uxori
573 963 731 1038 debitum
749 964 869 1060 potius
887 964 1035 1041 reddere
1052 962 1179 1046 debet,
1196 983 1308 1081 quam

312 1064 456 1160 obsequi
481 1061 695 1141 dominmfi
719 1080 913 1160 utrumque
930 1058 1090 1139 officium
1120 1060 1219 1137 simus
1237 1063 1307 1135 im·

308 1164 395 1260 pleri
409 1176 481 1237 non
494 1158 619 1256 posnt3
632 1177 667 1238 at
678 1159 775 1238 aliter
794 1159 891 1237 seres
901 1157 1305 1250 hubet,iiincousuitor

312 1266 350 1340 dc
375 1265 490 1338 invito
510 1261 660 1338 domino
684 1265 915 1345 contraxerit.
985 1336 988 1345 ,

258 1422 341 1580 H
354 1441 422 1496 auc
449 1416 624 1515 Regulam
648 1416 754 1494 tradit
774 1414 932 1489 ninom.
952 1413 1039 1495 loco
1060 1438 1152 1495 mox
1174 1414 1306 1497 indica·
1322 1426 1370 1495 ne
1388 1420 1484 1505 im

369 1539 432 1600 to.
448 1521 484 1592 in
509 1511 736 1612 responsione
759 1518 803 1593 ad
838 1514 1003 1593 tertium:
1037 1534 1099 1611 „·„
1123 1510 1160 1595 Si
1189 1508 1305 1595 sertui
1321 1508 1510 1597 ΨΜ*

260 1619 425 1713 (inquit)
455 1617 600 1693 volente
622 1616 775 1693 domino
801 1619 1068 1693 matrimonium
1101 1618 1304 1705 contraxit,
1321 1600 1445 1656 mm·

260 1716 349 1796 tunc
368 1708 473 1794 debet
495 1720 762 1813 pretermittere
783 1710 960 1793 seruitium
974 1710 1110 1791 domini
1130 1718 1304 1811 impetun·
1404 1714 1408 1721 '

261 1825 329 1902 tis,
352 1819 388 1893 &
409 1815 554 1892 reddere
573 1814 733 1896 debitum
754 1819 884 1903 uxori3
908 1820 989 1914 quia
1012 1837 1076 1914 per
1095 1808 1187 1901 hoc,
1204 1814 1308 1913 quud

262 1919 432 1993 dominus
449 1913 642 1993 concessu
661 1933 703 1993 ut
724 1920 993 1992 matrimonium
1017 1915 1133 1993 serrru
1161 1932 1307 2015 cunun-
1425 1920 1430 1929 ’
1497 1924 1500 1931 ’

260 2016 388 2099 heret,
411 2015 618 2112 intelligitur
637 2019 668 2092 ei
697 2011 898 2091 concessisse
922 2016 1164 2114 omniarquae
1185 2018 1321 2093 matri·-
1428 2020 1432 2039 '

262 2118 426 2192 monium
452 2118 609 2210 requirit·
638 2114 675 2191 Si
697 2130 815 2191 autem
842 2113 1111 2192 matrimonium
1134 2115 1306 2213 ignorana
1423 2196 1429 2209 ¹

260 2230 321 2294 re.
341 2215 397 2292 vei
419 2215 684 2292 contradicente
708 2214 860 2290 domino
886 2211 936 2289 est
960 2213 1207 2297 convadium,
1225 2237 1305 2293 oon

260 2328 400 2393 tenetur
411 2315 558 2389 reddere
571 2317 730 2390 debitum
742 2369 752 2400 ‚
764 2312 821 2390 sed
834 2316 954 2406 potius
966 2314 1118 2390 domino
1136 2314 1302 2403 obedire.

258 2411 285 2489 st
310 2430 504 2511 utrumque
525 2413 624 2489 simui
655 2411 812 2488 essenon
829 2409 945 2511 poffit·
968 2411 1039 2494 Sed
1052 2428 1172 2491 tamen
1191 2414 1227 2491 in
1247 2411 1304 2492 nn

257 2513 367 2590 multa
391 2513 607 2610 particularia
619 2509 831 2589 considerari
854 2511 1009 2606 debent.
1032 2510 1121 2590 sicut
1140 2515 1247 2590 ctiam
1263 2518 1302 2591 in
1388 2552 1397 2601 ,·

257 2616 424 2689 omnibus
445 2611 606 2688 humanis
626 2612 779 2705 adibus3
806 2611 934 2688 scilicet
955 2611 1152 2710 periculum
1165 2614 1303 2689 castita·

258 2716 301 2790 tis
317 2716 506 2789 imminens
530 2716 655 2797 uxori,
671 2710 1013 2809 &impedimentum
1025 2762 1036 2797 ‚
1048 2713 1149 2809 quod
1163 2735 1210 2790 ex
1222 2713 1305 2789 red·

256 2815 391 2887 ditione
415 2813 524 2888 debiti
559 2813 697 2887 sortitio
728 2816 903 2909 imperato
928 2830 1145 2910 generatur,
1171 2813 1208 2887 dr
1236 2811 1303 2891 asia

257 2910 482 3006 hujusmodi,
501 2913 629 3001 quibus
645 2913 814 2987 omnibus
825 2916 890 2987 rite
907 2913 1057 3010 pensatis
1073 2910 1217 3005 judicari
1235 2935 1304 3009 po·

257 3020 359 3086 tent.
380 3014 436 3087 cui
459 3014 569 3107 magis
597 3011 715 3088 seruus
744 3013 891 3089 obedire
916 3029 1102 3089 teneurunt
1122 3012 1300 3101 dominu,

257 3111 313 3187 vei
338 3113 442 3188 uxori
466 3159 488 3203 „
508 3163 544 3202 „.
1291 3145 1294 3152 ·
1340 3115 1344 3120 ’

514 3211 836 3353 κεουιέι
887 3265 1031 3357 vul.

254 3429 412 3510 Servitus
426 3433 655 3509 matrimonio
669 3429 939 3530 superueniens,
955 3429 1040 3510 illud
1055 3453 1130 3508 non
1145 3425 1302 3523 dirimit,

318 3553 385 3607 nec
408 3536 522 3608 virum
543 3557 562 3608 a
587 3532 710 3608 debito
731 3536 836 3609 uxori
860 3534 1058 3696 reddenda
1079 3532 1238 3610 absolvit·
1365 3577 1370 3590 ·

245 3695 247 3700 '
300 3685 323 3761 d
348 3688 487 3762 constat
515 3712 560 3763 ex
587 3712 663 3763 can.
695 3690 860 3762 Persarum
892 3685 1145 3782 distensam.
1179 3714 1240 3788 qu.
1260 3712 1298 3778 2.

312 3790 372 3883 qui
395 3786 511 3865 Cone.
535 3787 765 3866 Triburiensts
786 3794 934 3869 nomine
961 3792 1149 3890 profertur·
1180 3783 1300 3869 Idem·

211 3940 217 3955 ,
252 3910 323 3985 que
346 3885 536 3962 confirmat
568 3893 600 3968 S.
616 3890 678 3963 Tu.
705 3894 741 3966 in
760 3913 797 3982 4.
830 3899 975 3961 nentem.
999 3891 1074 3968 dist·
1098 3911 1156 3982 3¹·
1185 3913 1245 3988 qu.
1265 3901 1297 3963 i·

252 4004 316 4067 art.
331 4006 364 4073 3.
391 3987 457 4062 hac
475 3992 611 4064 ratione
631 3988 760 4080 fretum
779 3989 1012 4086 Qianaiium
1035 3991 1298 4083 impedimentum

251 4090 460 4156 matrrmom'o
482 4088 713 4182 superveniens
735 4090 836 4181 potest
859 4085 1031 4175 dissolvere
1055 4094 1166 4183 ipsum.
1199 4087 1240 4168 Et
1259 4091 1296 4168 in

252 4183 478 4280 respendune
514 4187 557 4262 ad
585 4191 767 4283 primum:
790 4246 812 4281 „
829 4235 851 4282 ‚5
876 4185 984 4267 Fraus
1013 4186 1179 4286 (inquit)
1204 4191 1299 4266 bend

250 4286 368 4382 potest
385 4309 516 4363 nocere
540 4290 571 4361 ei
591 4335 601 4365 ‚
625 4292 686 4387 qui
705 4290 862 4364 iraudetn
882 4287 986 4375 fecit,
1006 4287 1154 4366 sednon
1177 4287 1296 4386 potest
1492 4374 1496 4380 ,

250 4387 348 4461 asteri
371 4388 616 4480 prejudicium
645 4410 838 4485 generare3
859 4388 895 4463 dr
918 4390 1000 4464 ideo
1026 4387 1051 4463 fi
1074 4391 1125 4464 vir
1149 4387 1323 4464 insrau·'
1384 4389 1399 4398 ”

249 4486 334 4561 deta
357 4491 479 4564 uxoria
501 4487 600 4564 uiteri
621 4487 682 4566 det
708 4486 742 4564 se
770 4489 807 4566 in
828 4487 968 4567 serrum
991 4530 1004 4577 ,
1028 4488 1099 4588 ipse
1119 4487 1294 4568 damnum
1500 4507 1507 4516 ·

1186 4601 1243 4662 te·

1447 4649 1519 4702 ;···.'-3'.·
1549 4677 1552 4684 .
1579 4659 1612 4682 .·.

1352 4767 1355 4772 ·
1436 4691 1573 4803 ‘effi

1141 4835 1145 4850 .
1359 4825 1362 4830 .
