3700 5425
550 564 649 659 '336
729 544 887 659 Theoi.
909 550 1025 665 Dug.
1050 532 1094 642 'dc
1120 545 1274 645 Morai
1303 545 1397 649 Lib.
1414 546 1473 641 114

603 740 609 747 ’
849 714 939 804 ΚΕ
968 720 1004 801 G
1030 720 1064 799 U
1091 721 1180 804 LA
1225 718 1328 802 XV.

566 883 603 965 Si
618 898 857 981 pareutnrque
867 881 988 981 aiiquo
999 874 1159 956 deviusia
1174 878 1216 956 sit
1229 874 1501 979 impedimento»
1511 876 1613 980 qnod

616 985 750 1062 solvere
763 978 867 1078 possit
879 978 1097 1077 Episcopus,
1120 979 1157 1055 δι
1178 1004 1199 1055 e
1227 975 1368 1055 diversis
1388 974 1614 1058 Dioeceiibnt

616 1082 703 1168 sint,
720 1086 782 1180 qui
806 1083 1073 1161 matrimonium
1095 1078 1305 1156 contrahere
1330 1078 1458 1153 volunt
1481 1084 1613 1163 ,uniue

499 1232 502 1241 ·
615 1182 780 1281 Episcopi
797 1181 1004 1281 dispensatio
1031 1200 1108 1255 non
1129 1175 1253 1256 sufficit
1268 1174 1349 1265 ‚sed
1372 1178 1416 1251 ab
1433 1175 1614 1277 Episcopit

612 1284 792 1382 utriusque
809 1278 982 1359 Dioecefis
1004 1278 1177 1375 petenda,
1191 1281 1228 1354 dt
1253 1274 1534 1369 obtinendam,
1556 1279 1613 1355 vel

614 1400 745 1459 cenea
765 1382 905 1458 summo
936 1376 1133 1461 Pontifice.
1156 1378 1290 1478 alioqui
1317 1375 1412 1451 nuiia
1433 1372 1541 1453 esset.
1567 1401 1611 1456 ac

611 1487 705 1557 irrita
728 1479 936 1579 dispensatio
958 1532 969 1564 .
992 1477 1201 1575 nullumque
1226 1475 1379 1575 proinde
1402 1527 1414 1562 .
1435 1475 1536 1577 quod
1562 1498 1611 1556 ex

612 1588 650 1655 vi
674 1581 764 1658 iiiios
785 1576 1076 1657 contraheretur.
1100 1580 1382 1655 matrimonium·

610 1744 712 1817 '“um
736 1737 832 1813 enim
850 1734 1057 1834 dispensatio
1083 1732 1125 1811 sit
1149 1731 1245 1811 astur
1273 1731 1520 1829 jurisdisiionia
1536 1757 1549 1829 ς
1568 1733 1609 1812 dc

671 1838 860 1933 Episcopus
884 1836 1017 1913 nuliam
1029 1832 1302 1928 jurisdictionem
1317 1830 1444 1911 habeat
1454 1833 1489 1908 in
1503 1857 1610 1920 eum,

564 1941 627 2033 oni
649 1937 879 2014 Dioeceianus
901 1937 992 2012 iisiut
1010 1956 1086 2011 non
1108 1934 1157 2011 esi
1171 1976 1183 2018 a
1199 1953 1316 2031 neque
1336 1937 1473 2011 ratione
1493 1933 1611 2010 domi·

564 2038 657 2121 ciiii,
675 2061 791 2130 neque
809 2037 945 2112 ratione
962 2037 1127 2130 originis.
1145 2032 1337 2128 dispensare
1351 2038 1436 2109 cum
1457 2032 1518 2109 iiio
1531 2056 1609 2110 non

561 2140 704 2314 potem
730 2138 966 2231 quamobrem
990 2136 1035 2211 ad
1067 2136 1257 2234 proprium
1288 2136 1523 2212 remittendus
1556 2131 1607 2212 ost

580 2236 793 2333 ‘piscopum

827 2382 1347 2479 nssounaxvr.

560 2542 767 2650 Dispensare
787 2566 971 2672 nunquam
999 2546 1145 2669 possunt
1167 2543 1333 2722 Episcopi
1361 2548 1609 2647 incognitio·

808 2676 860 2730 ms
887 2650 1068 2754 sptrrtuairs
1088 2670 1185 2751 rmpe
1212 2653 1362 2726 imento.

483 2853 489 2874 ι
559 2813 623 2968 F
641 2810 700 2884 irri
713 2812 809 2885 enim
831 2813 891 2886 vix
905 2811 1042 2908 potest,
1058 2824 1098 2887 ut
1109 2809 1376 2885 matrimonium
1394 2809 1485 2889 inter
1500 2831 1606 2890 com·

654 2929 810 3004 patrem,
833 2908 869 2986 δι
891 2925 1147 2992 commatrem,
1172 2908 1226 2983 vei
1246 2919 1417 2995 matrem,
1436 2912 1471 2984 dt
1489 2907 1603 2990 silium

558 3008 770 3103 spiritualim
787 3061 795 3088 ,
813 3030 874 3086 aut
901 3029 1066 3108 patrem,
1097 3009 1131 3085 δι
1159 3006 1266 3083 finam
1295 3008 1532 3106 spiritualem,
1557 3013 1599 3091 sit

558 3111 653 3184 bona
677 3110 747 3184 nde
776 3111 1023 3193 munatium,
1040 3123 1152 3207 utque
1180 3110 1228 3182 sm
1259 3107 1478 3187 edimentum
1509 3111 1604 3190 istud

558 3219 700 3303 pronos
728 3211 913 3285 occultum
937 3208 997 3301 nn
1022 3232 1087 3284 nec
1108 3129 1307 3298 scandafum
1331 3207 1441 3284 ulium
1463 3212 1604 3291 oritur·

556 3307 582 3384 si
625 3312 889 3385 matrimonium
923 3326 1049 3387 contra
1081 3308 1187 3385 sacras
1218 3304 1376 3382 Ecclestae
1409 3306 1523 3406 Leges
1552 3313 1601 3389 ita

556 3411 779 3484 omnnium
801 3410 996 3489 dirimatur.
1025 3409 1144 3493 udde,
1161 3409 1261 3507 quod
1282 3403 1431 3481 Ecclesia
1453 3433 1527 3485 non
1543 3410 1601 3485 so·

555 3506 605 3580 let
631 3510 665 3581 in
692 3513 808 3603 primo
831 3511 1057 3608 cognationis
1085 3506 1266 3604 spiritualis
1289 3508 1404 3602 gradu
1422 3506 1521 3585 facilc
1545 3511 1601 3583 di·

553 3605 730 3699 spanum
748 3611 821 3682 imo
838 3609 964 3684 summi
985 3606 1174 3685 Pontifices
1196 3604 1418 3702 denegarunt
1440 3608 1601 3705 aliquan·

400 3773 403 3780 .
552 3705 602 3778 do
630 3703 922 3802 dispensationem
940 3708 1015 3782 his,
1033 3709 1097 3805 qui
1116 3704 1412 3803 impedimentum
1427 3727 1597 3802 ignoran-

550 3819 603 3878 tet
646 3808 740 3880 bona
767 3807 836 3881 side
867 3808 1136 3882 matrimonium
1178 3823 1441 3883 contraxerant·
1491 3806 1596 3885 Sacra

549 3902 690 3999 Congo
718 3903 872 3982 Conciiii
898 3896 997 3984 Trid.
1034 3907 1204 4000 interpres
1239 3905 1326 3981 oiim
1355 3919 1508 4002 rogata,
1545 3929 1593 3984 an

546 4005 662 4101 puelia
684 4009 858 4080 novennis
879 4007 923 4080 de
940 4004 1037 4082 sacro
1054 3991 1169 4082 Fonte
1190 4002 1373 4099 suscipient
1397 4004 1590 4092 insontem,

505 4133 513 4144 ³
548 4101 736 4179 contrahat
760 4120 844 4180 cnm
869 4124 915 4180 eo
944 4107 1203 4200 cognationem
1229 4102 1469 4200 spiritualem;
1497 4108 1532 4181 dr
1567 4105 1597 4184 st

548 4205 775 4295 cognationis
797 4203 1085 4299 istiusspirituaiit
1103 4208 1312 4287 immemor,
1332 4225 1417 4280 cum
1437 4228 1483 4281 eo
1504 4227 1597 4283 con·

546 4302 663 4376 trahat
684 4305 973 4380 matrimonium,
989 4326 1033 4378 an
1056 4302 1097 4379 fit
1115 4302 1345 4379 concedenda
1358 4303 1593 4403 dispensatio?

543 4395 763 4496 Respondit,
779 4406 1037 4500 cognationem
1049 4400 1259 4497 spiritualem
1273 4399 1340 4481 esse
1352 4406 1592 4491 contradam.

543 4499 582 4573 dc
602 4499 894 4597 dispensationem
914 4502 1185 4583 concedendam
1202 4497 1294 4580 esie:
1314 4516 1351 4582 at
1371 4495 1472 4600 (ing.
1487 4503 1588 4677 {le
