3700 5425
558 533 648 642 5232
748 528 903 638 Theoi
932 534 1048 648 Dog.
1079 531 1283 631 &Mor-al.
1312 532 1407 632 Lib.
1420 536 1486 633 fili.

566 706 681 786 ritur,
701 704 899 802 aequaliter,
923 708 961 784 u
983 705 1111 803 pariter
1137 702 1263 780 distant
1286 730 1306 783 a
1335 711 1524 786 communi
1548 708 1609 789 ili.

566 804 664 900 pite3
686 806 814 886 veluti,
834 807 909 882 duo
926 805 1047 883 fratres
1068 803 1203 881 suntin
1230 804 1318 881 linea
1339 808 1463 906 aequali
1474 835 1485 902 ;
1511 828 1606 887 nter,

567 924 638 998 que
661 905 756 985 enirn
777 906 905 1000 pariter
926 904 1066 985 distata
1089 904 1222 1000 stipite,
1244 905 1371 989 scilicet
1391 927 1511 1004 patre,
1528 932 1606 998 nno

565 997 694 1101 gradu·
720 1001 901 1100 lnaequalis
926 1007 1075 1090 dicitur,
1097 1003 1241 1099 quando
1257 1031 1323 1081 uua
1343 1003 1488 1106 persona
1502 1010 1606 1091 aliam

566 1103 603 1175 in
625 1101 737 1199 gradu
759 1104 945 1200 praecedit.
967 1106 1001 1179 tr
1025 1102 1202 1197 personae.
1227 1103 1271 1178 de
1288 1128 1439 1202 quarunt
1459 1110 1606 1187 toulant

563 1207 738 1292 guinitate
759 1207 950 1303 queritur,
977 1226 1051 1285 non
1080 1205 1207 1298 pariter
1231 1204 1393 1281 distanta
1417 1211 1606 1285 communi

564 1301 704 1397 stipite,
730 1318 770 1379 ut
792 1303 920 1389 irater,
942 1303 976 1377 ἃ
999 1301 1110 1377 fratris
1131 1300 1247 1395 fitium
1270 1309 1350 1399 quia
1374 1306 1477 1383 frater
1503 1308 1606 1388 distat

562 1400 738 1498 altipite,
757 1421 855 1498 patre
882 1400 1030 1485 scilicet.
1057 1424 1133 1476 uno
1151 1401 1287 1497 gradu3
1310 1401 1398 1481 filius
1424 1430 1509 1485 sero
1535 1408 1606 1488 fra·

561 1502 623 1575 tris
643 1499 743 1585 distat
762 1499 918 1584 secundo
941 1501 1065 1599 gradu·
1091 1498 1157 1577 lna
1179 1503 1343 1579 constant
1365 1526 1410 1579 ex
1432 1504 1520 1584 Can.
1535 1516 1605 1588 rse.

559 1603 647 1688 riti,
666 1602 703 1675 &
722 1623 799 1676 call·
826 1603 1026 1676 Partmtlaes
1047 1599 1146 1683 Causa
1162 1616 1219 1695 ὃς·
1244 1620 1361 1699 qut-4·
1391 1604 1427 1679 ἃ
1448 1622 1530 1683 toto
1560 1612 1604 1685 ll·

555 1698 635 1779 tulo
668 1698 922 1798 Digestorum,
951 1705 1003 1772 De
1028 1697 1205 1781 cerritus,
1238 1699 1327 1776 irem
1349 1701 1438 1780 linea
1467 1704 1602 1787 aliaest

555 1818 699 1896 psterna
713 1849 723 1881 ‚
739 1804 841 1894 cujus
862 1816 971 1897 caput
998 1796 1046 1879 est
1070 1814 1192 1898 pater,
1218 1795 1281 1878 alia
1303 1818 1482 1886 maternas
1499 1810 1601 1901 cnjut

556 1916 665 1994 caput
692 1899 741 1975 eil
772 1915 894 1987 mater.

408 2003 417 2021 ⁶
509 2035 522 2057 ·
608 1995 748 2099 Gradus
771 2000 1080 2098 consanguinitatis
1110 1996 1160 2078 est
1192 1998 1415 2077 intervallum
1438 2000 1604 2099 persona,

415 2131 433 2157 ³
496 2169 503 2189 ,
556 2118 658 2186 rum.
682 2121 758 2194 quo
781 2101 1018 2197 cognoscitur
1044 2116 1156 2199 quota
1185 2103 1422 2196 generationis
1443 2102 1601 2181 'distantia

556 2220 626 2277 nna
641 2197 785 2293 peri'ona
811 2208 854 2278 ab
872 2201 936 2275 alia
952 2200 1063 2276 distat.
1090 2197 1271 2283 Dicuntur
1294 2198 1425 2297 gratim
1442 2199 1486 2276 ad
1506 2200 1600 2279 fimi.

555 2295 742 2378 litudinem
762 2300 940 2395 graduum
968 2300 1136 2380 scalarum
1154 2353 1165 2383 ‚
1184 2298 1241 2377 seu
1267 2300 1432 2379 locorum
1466 2306 1597 2393 procli-

556 2401 677 2483 vium,
696 2421 789 2497 quos
811 2402 860 2476 ita
884 2399 1104 2498 ingredimur
1122 2446 1133 2477 t
1151 2412 1228 2482 uta
1258 2402 1427 2492 proximo
1450 2400 1485 2472 in
1512 2423 1598 2495 pru·

554 2501 720 2585 ximum,
744 2501 779 2574 id
801 2500 875 2579 est,
893 2504 931 2578 in
955 2523 1058 2592 eum,
1083 2499 1146 2596 qui
1172 2496 1268 2596 quati
1292 2519 1338 2573 ex
1355 2520 1401 2574 eo
1421 2495 1596 2591 nascitur,

528 2597 778 2679 transeamus.

354 2704 442 2798 yreia
462 2713 537 2779 ratio
603 2694 652 2783 V·
678 2693 718 2779 ln
752 2699 840 2774 linea
865 2693 1117 2802 collateralium
1141 2699 1197 2793 jus
1221 2694 1434 2776 canonicum
1470 2693 1597 2780 disere.

352 2803 528 2928 ψῦξις·
555 2813 654 2894 pata
679 2800 951 2894 computatione
973 2799 1058 2894 juris
1085 2798 1208 2884 ciuilis·
1231 2793 1296 2894 Jus
1319 2818 1473 2894 namque
1492 2797 1596 2874 civile

349 2939 522 3082 tratti
552 2898 1115 3094 ilstililittiiltslt
1129 2897 1290 3078 titt}
1311 2895 1596 3074 tntilli

347 3088 416 3177 jure
437 3113 524 3160 ⁹²⁸⁰·
552 3096 726 3192 perlonae,
748 3097 904 3179 collocat
923 3099 959 3171 iu
978 3094 1135 3176 secundo
1155 3099 1291 3195 gradu3
1309 3095 1437 3171 deinde
1455 3115 1595 3191 patrue,

348 3181 438 3255 '¹¹⁰9’
455 3165 600 3275 &d'les
623 3203 659 3279 in
691 3215 842 3296 quarto,
868 3200 949 3296 quia
980 3199 1180 3293 patrueles,
1203 3219 1404 3292 eorumque
1433 3215 1593 3307 parentes

431 3343 433 3348 ·
468 3327 470 3332 ·
548 3299 593 3388 rb
609 3322 683 3375 unu
704 3299 818 3392 stipite
840 3297 1055 3392 prodeuntes
1075 3298 1296 3376 constituunt
1317 3310 1470 3389 quatuor
1491 3294 1593 3374 irnsul

546 3398 722 3496 personas.
750 3395 849 3488 Tum
863 3400 898 3471 in
919 3397 1008 3472 linea
1023 3397 1185 3496 inaequali
1197 3392 1379 3472 transversa
1396 3409 1591 3488 nepotem,

547 3500 584 3590 tr
607 3516 845 3597 pronepotem
867 3496 1050 3581 constituit
1077 3499 1114 3570 in
1147 3497 1276 3591 quinto
1302 3494 1413 3587 gradu
1430 3547 1440 3577 ,
1460 3496 1510 3568 ob
1533 3517 1593 3588 pa-

545 3622 621 3675 rem
638 3601 803 3694 utrinque
821 3595 1072 3692 personarum,
1092 3592 1150 3670 seu
1174 3596 1446 3688 generationum
1466 3616 1593 3669 nurne-

430 3749 435 3764 ι
545 3722 639 3777 rum·
667 3709 711 3774 tlt
730 3699 786 3794 jus
812 3697 1027 3772 canonicum
1054 3707 1194 3769 tanmm
1223 3707 1458 3781 connumerat
1478 3693 1590 3767 lateris

544 3803 650 3884 unius
667 3796 911 3893 generationes
925 3815 944 3868 a
958 3795 1144 3868 communi
1160 3791 1273 3886 stipite
1287 3789 1472 3867 arnonas,
1493 3793 1592 3866 ideo.

544 3922 619 3995 que
643 3900 728 3976 duas
754 3894 917 3991 personas
940 3894 978 3968 iu
1003 3914 1078 3969 uno
1100 3892 1213 3988 gradu
1240 3890 1441 3972 constituit·
1462 3887 1590 3970 scilicet

541 3999 694 4082 fratres,
721 3994 915 4083 &sorores
945 3995 980 4068 in
1016 3994 1133 4086 primo
1157 3990 1291 4089 gradu,
1312 3988 1482 4084 patrueles
1519 3986 1591 4065 srva

543 4098 777 4189 consobrinos
800 4096 837 4174 in
850 4091 1006 4181 secundo
1018 4144 1028 4175 ,
1041 4090 1341 4178 consobrinorum
1356 4090 1446 4164 iiiios
1466 4093 1500 4164 in
1518 4106 1589 4164 ter.

541 4200 618 4283 n'u,
645 4196 943 4273 consobrinorum
978 4206 1127 4287 nepotes
1155 4192 1192 4267 in
1224 4207 1363 4290 quarto·
1399 4185 1506 4272 Ratio
1536 4190 1592 4267 dia.

540 4296 708 4385 rerfitatis
725 4298 814 4372 inter
827 4293 886 4388 jusv
897 4288 1021 4368 ciuile,
1040 4289 1077 4364 ἃ
1097 4292 1322 4371 Canonicum
1338 4289 1482 4386 ‚quoad
1497 4289 1589 4367 hanc

271 4437 276 4456 ·
363 4427 367 4442 ·
488 4401 849 4492 ‚computationem
870 4392 1067 4488 graduum,
1091 4413 1137 4468 ex
1161 4390 1341 4484 utriusque
1363 4391 1432 4463 line
1455 4392 1590 4485 percipi

303 4523 305 4536 ¹
413 4531 417 4546 ·
538 4499 665 4618 ponti,
691 4550 745 4600 μ,
774 4493 815 4583 ln
841 4493 976 4592 tuitus
999 4487 1172 4599 liquidem
1190 4490 1240 4580 ul
1265 4485 1354 4578 mitt
1378 4487 1473 4574 nim
1498 4487 1596 4581 ipio}

1453 4607 1534 4678 illm

680 4753 701 4838 l
