3700 5425
554 557 641 633 ιιι
693 504 707 573 ·’
736 531 892 634 Theoi,
917 513 1032 650 Dog.
1052 539 1094 627 dc
1116 533 1267 629 Moral,
1285 534 1379 635 Lib.
1408 536 1471 636 11:

609 727 644 787 ta
666 709 786 788 censet
809 715 840 785 S.
855 709 919 789 Th.
941 712 976 785 ln
989 727 1025 801 4·
1039 716 1182 781 Sentent.
1201 714 1277 791 dista
1286 733 1344 804 27.
1364 736 1424 812 qua
1443 736 1474 788 1.
1490 731 1555 802 atta
1567 721 1609 804 d)

621 812 824 904 quastione.
840 829 873 881 2·
898 809 942 885 ad
964 831 1001 901 4·
1026 865 1049 902 „
1065 866 1086 902 ‚,
1114 810 1301 904 Quantum
1319 814 1364 891 asl
1384 840 1423 890 ea
1450 812 1606 913 (inquit)

560 912 754 1006 inquibus
777 933 853 986 non
873 911 923 986 est
942 909 1248 1010 intlueimpotenu
1269 928 1394 990 votum
1415 919 1607 992 contineo.

479 1048 482 1054 .
560 1012 619 1086 tiae
653 1009 810 1095 seruare,
829 1010 946 1086 adhuc
974 1011 1054 1106 poli
1079 1013 1299 1088 contratlum
1332 1020 1604 1095 matrimonium

560 1110 743 1206 obligatur
754 1102 798 1185 ad
815 1109 1049 1200 'serrandum3
1063 1128 1210 1205 propter
1231 1111 1332 1210 quod
1349 1131 1492 1191 mortua
1509 1139 1603 1192 uxo·

558 1224 601 1285 te
623 1224 763 1286 tenetur
793 1208 948 1286 totaliter
974 1212 1158 1285 continere
1183 1264 1205 1303 „
1221 1254 1254 1303 „.

613 1308 716 1385 Hanc
738 1306 914 1405 Regulam
949 1307 1139 1386 confirmat
1169 1316 1200 1386 S,
1225 1305 1358 1403 August.
1395 1301 1500 1408 Epist,
1518 1326 1604 1391 nno.

559 1405 709 1499 flllas70·
737 1414 791 1480 Ad
808 1405 1015 1496 Boniskciunr
1036 1415 1214 1491 (iimitem,
1232 1418 1292 1510 qui
1318 1434 1499 1508 concepto
1523 1421 1605 1490 vita

248 1572 252 1584 .
406 1554 413 1584 i
559 1508 764 1586 monasticae
787 1527 876 1585 voto
905 1531 1060 1585 uxorem
1083 1508 1243 1587 duxerat,
1267 1558 1321 1604 ,‚‚‚
1349 1513 1385 1588 Si
1405 1516 1604 1609 conjugem

561 1608 729 1702 (inquit)
757 1631 833 1683 non
861 1608 1033 1685 habetes,
1061 1607 1214 1685 dicerem
1239 1610 1322 1696 tibi,
1338 1613 1438 1708 quod
1464 1614 1500 1686 dr
1524 1611 1603 1689 Tu·

560 1710 666 1786 bunis
683 1708 860 1793 diximus,
885 1724 928 1784 ut
947 1710 983 1782 in
1002 1705 1177 1784 sanctitate
1199 1713 1426 1786 continentiae
1447 1715 1607 1804 νίπτεις

435 1871 437 1876 ,
560 1810 751 1892 adderem,
773 1810 874 1907 quod
899 1825 987 1884 tunc
1009 1804 1082 1882 fieti
1108 1809 1378 1902 prohibuimus,
1402 1823 1443 1888 ut
1460 1814 1528 1902 jam
1543 1826 1606 1896 te,

560 1925 736 2006 quantum
763 1928 881 1984 rerum
910 1908 1143 1984 humanarum
1172 1912 1259 1986 salva
1281 1932 1369 2008 pace
1405 1906 1604 2007 potuilles,

558 2012 604 2084 ab
630 2009 700 2083 istis
722 2009 826 2084 rebus
852 2005 982 2082 bellicis
1000 2005 1211 2084 abstraheret
1226 2059 1236 2090 ‚
1253 2010 1289 2083 ἃ
1309 2014 1339 2084 ei
1363 2013 1440 2086 vita
1465 2031 1604 2086 vacares

558 2104 599 2186 ln·
617 2107 782 2183 societate
814 2104 1025 2183 Sandlorum
1043 2161 1054 2195 ,
1074 2110 1133 2183 cul
1164 2122 1251 2186 tunc
1275 2132 1395 2184 vacate
1417 2114 1604 2205 cupiebasr

560 2208 622 2286 ubi
642 2210 679 2282 in
700 2205 835 2282 silentio
859 2223 1022 2302 pugnant
1044 2210 1173 2285 milites
1191 2208 1340 2293 Christi,
1355 2230 1429 2283 non
1455 2226 1493 2284 ut
1508 2213 1605 2282 occia

559 2308 648 2383 dant
671 2307 860 2391 homines,
880 2302 938 2380 sed
960 2324 1000 2384 ut
1018 2326 1229 2407 expugnent
1253 2310 1455 2402 principes,
1483 2309 1605 2400 &pm

560 2407 725 2495 testarer,
752 2405 788 2478 de
817 2403 1001 2499 spiritualia
1026 2411 1217 2507 nequitia,
1238 2407 1337 2482 idest
1359 2460 1370 2491 ,
1396 2408 1605 2492 diabolum,

559 2507 598 2583 dt
621 2505 776 2604 Angelos
790 2506 917 2600 ejus...
945 2506 1015 2586 Sed
1038 2528 1078 2586 ut
1091 2524 1128 2584 te
1145 2504 1190 2583 ad
1203 2507 1301 2580 illam
1323 2506 1431 2581 vitam
1451 2528 1524 2580 non
1540 2529 1605 2581 ex·

544 2598 707 2690 horter,
727 2607 869 2706 conjux¹
883 2609 1142 2705 impedimento
1163 2606 1232 2684 est,
1245 2605 1316 2710 fine
1335 2607 1435 2700 cujus
1454 2604 1604 2681 conserua

560 2703 661 2784 lione
686 2707 911 2784 continenter
935 2709 998 2785 tibi
1022 2706 1197 2784 nonlicet
1219 2707 1362 2787 rivete3
1380 2708 1461 2802 quia
1480 2703 1539 2780 etsi
1561 2726 1603 2783 tu

559 2829 640 2883 eam
665 2807 744 2905 post
763 2804 818 2883 illa
837 2822 898 2885 tua
920 2806 1024 2884 verba
1050 2801 1275 2885 Tubunenlia
1289 2807 1419 2881 ducere
1444 2827 1518 2880 non
1539 2806 1605 2882 de.

561 2901 692 2992 bebae,
716 2906 772 2983 illa
801 2909 864 2982 tibi
896 2919 1014 2983 tamen
1038 2906 1122 2983 nihil
1152 2930 1277 2981 eorum
1305 2905 1411 2981 sciens
1430 2909 1603 2980 innocen-

493 3062 497 3082 ,
558 3018 641 3085 ter,
663 3008 699 3081 dr
722 3005 921 3101 simpliciter
946 3006 1074 3101 nupsit,
1113 3006 1232 3107 Atque
1269 3008 1403 3084 utinam
1432 3000 1543 3098 polles
1568 3006 1604 3081 ei

557 3106 764 3205 persuadete
785 3110 1064 3192 continentiam,
1085 3123 1125 3183 ut
1146 3104 1217 3181 line
1244 3107 1502 3203 impedimento
1522 3106 1604 3177 red.

513 3217 517 3224 ‘
558 3204 659 3281 detes
683 3202 793 3291 Deo,
818 3208 918 3302 quod
940 3221 976 3281 te
997 3209 1125 3283 debere
1146 3203 1344 3301 cognoscis.
1381 3201 1449 3276 Sed
1474 3203 1603 3281 ficum

442 3302 445 3309 ’
557 3303 614 3381 llla
636 3328 741 3402 agere
773 3327 847 3381 non
873 3319 1000 3403 potes,
1022 3307 1114 3384 l'erua
1142 3305 1258 3381 saltem
1283 3301 1488 3401 pudicitiam
1512 3325 1603 3376 con-

556 3401 739 3502 jugalem,
762 3406 798 3479 ἀ
834 3429 923 3498 toga
949 3404 1095 3493 Deum,
1120 3406 1183 3502 qui
1213 3419 1248 3479 te
1273 3406 1317 3475 de
1349 3400 1605 3477 necellttatibua'

555 3520 676 3592 eruet,
690 3517 730 3582 ut
743 3505 843 3601 quud
858 3529 934 3581 nnn
949 3523 1052 3602 potet
1066 3504 1179 3581 modu
1191 3548 1202 3589 ,
1213 3498 1319 3600 pollis
1331 3499 1521 3598 aliquando
1535 3556 1558 3594 ,‚
1568 3551 1605 3595 u.

830 3679 1319 3773 REGULAVII.

558 3841 766 3947 Coniuges,
784 3852 847 3947 qui
863 3850 1144 3933 continentiam,
1166 3840 1221 3924 uel
1244 3845 1287 3923 ad
1310 3860 1449 3949 ternpus
1462 3896 1473 3932 ,
1487 3845 1542 3921 vel
1562 3848 1602 3923 in

608 3965 820 4045 perpetuum
851 3966 982 4027 mutuo
1010 3948 1180 4024 consensu
1204 3966 1404 4028 voverunt,
1432 3948 1604 4045 quamdiu

606 4066 699 4123 voto
712 4049 790 4125 sunt
806 4048 955 4124 adstricti
971 4098 983 4133 ,
1004 4048 1195 4145 conjugale
1206 4049 1364 4125 debitum
1380 4072 1446 4123 nec
1459 4052 1604 4143 exigere

604 4141 772 4243 poliunt»
793 4170 862 4224 nec
891 4147 1060 4231 redderet
1090 4149 1166 4224 imo
1190 4147 1215 4224 ll
1243 4147 1329 4224 alter
1358 4148 1491 4225 violato
1510 4163 1605 4225 roto

604 4246 766 4323 debitum
781 4251 925 4345 exigat,
948 4248 1095 4326 reddere
1116 4243 1201 4325 alter
1220 4269 1296 4325 non
1316 4247 1443 4347 potest.

424 4386 428 4396 ⁸
481 4433 484 4444 “
551 4390 656 4590 luti
678 4404 849 4483 enlmsuo
873 4403 1089 4482 renuntiavit
1109 4417 1269 4504 uterque·
1293 4397 1390 4483 Hinc
1416 4406 1448 4477 S.
1466 4392 1604 4496 Augusto

616 4503 724 4603 Epist,
739 4501 825 4582 262·
848 4504 930 4586 alias
945 4521 1028 4599 199·
1049 4504 1098 4586 ad
1115 4507 1303 4598 daritiam,
1330 4530 1409 4608 quae
1430 4505 1607 4585 nesciente
