3700 5425
498 494 606 659 ‘De
629 564 879 664 Peccatis-in
906 577 1077 685 genere}
1109 602 1112 607 ·
1257 579 1352 679 637³

301 758 474 838 magnum
500 756 706 835 peccatum.
726 766 801 818 non
826 764 937 819 omne
956 755 1143 840 peceatum
1165 736 1341 839 quasasub

302 843 455 941 generali
481 844 628 918 nomine
649 840 725 918 nult
742 842 900 939 intelligi·
924 840 1010 920 Hoc
1031 841 1081 917 est
1100 845 1195 917 enim
1216 862 1342 936 peccu-

305 961 404 1026 tum‚
424 962 499 1036 quo
523 957 686 1017 tenentur
706 941 830 1019 cunila
854 956 997 1038 peccata
1011 992 1023 1028 ,
1038 939 1140 1040 quod
1161 931 1342 1038 unusquis

303 1064 375 1139 que
396 1040 419 1116 li
455 1063 530 1116 non
553 1040 700 1121 habeat,
723 1043 949 1120 dimittuntur
974 1044 1006 1117 ei
1029 1040 1154 1118 cunin
1180 1056 1339 1136 peccata«

303 1139 389 1219 Hoc
406 1138 454 1215 eli
474 1157 619 1225 autem,
639 1142 720 1238 quia
742 1164 817 1216 nun
837 1139 1063 1218 crediderunt
1084 1138 1340 1225 inanrislum.

303 1242 780 1418 tlllsl‘ltllllti
796 1237 1343 1439 “sabittabant“

303 1442 352 1512 m
374 1441 537 1532 Ep0194.
566 1440 650 1510 aliar
671 1456 751 1533 105.
775 1442 816 1509 ad
843 1448 974 1511 Sixtnna
996 1443 1178 1513 nonarum
1208 1391 1346 1526 Pne'a'b'y‘a

302 1558 412 1611 aaran
429 1562 441 1606 ε
460 1593 483 1629 ,,
498 1594 519 1631 ,,
559 1537 647 1616 Nun
676 1545 823 1637 utique,
848 1543 987 1634 inquit,
1024 1553 1209 1638 peccatum
1230 1537 1346 1616 ullum

303 1638 498 1720 haberent,
529 1644 590 1735 qui
622 1638 715 1734 pleni
739 1638 840 1716 erint
871 1642 944 1717 aliia
970 1641 1107 1736 magnis
1124 1682 1136 1717 a
1156 1636 1346 1734 maaltisqua

304 1742 481 1837 pcccatis3
503 1736 558 1813 sed
592 1738 666 1815 hoc
691 1754 878 1836 peccatum
902 1739 980 1817 vult
1009 1738 1158 1836 intelligi
1183 1761 1259 1814 non
1281 1757 1346 1815 eon

302 1840 484 1914 babituros
500 1834 619 1924 luisse,
641 1838 664 1914 li
685 1861 760 1915 non
774 1837 941 1924 venisset.
985 1861 1055 1919 uo,
1069 1860 1154 1916 euna
1172 1835 1346 1917 audissent

302 1960 409 2024 euna,
433 1959 509 2011 non
529 1938 754 2015 crediderunt
773 1941 807 2013 in
825 1963 921 2016 eum·
946 1862 1051 2016 llatae
1068 1960 1130 2014 eoa
1145 1936 1344 2016 excusatio·

305 2060 389 2113 nem
418 2060 492 2111 non
525 2035 652 2113 habere
673 2034 811 2119 asserit.
832 2063 901 2134 qua
939 2036 1069 2136 pulsant
1097 2036 1238 2125 dicere,
1264 2060 1341 2113 non

278 2136 527 2219 audivimus,
554 2139 636 2214 ideo
662 2162 737 2214 non
761 2139 986 2217 credidimus.
1017 2136 1183 2216 Humana
1207 2139 1346 2234 quippe

303 2238 461 2334 superbia
486 2249 654 2334 tanquam
674 2237 884 2334 praesument
909 2241 955 2314 de
976 2241 1107 2316 viribur
1132 2237 1231 2314 liberi
1250 2239 1341 2313 arbi-

302 2339 360 2413 trii
386 2335 585 2411 excusatam
621 2337 653 2411 se
676 2351 802 2511 aurata
830 2337 977 2436 quando
1000 2341 1239 2437 ignorantiae.
1262 2358 1342 2411 non

301 2437 674 2513 voluntatiavideture
703 2440 1001 2534 e.quudpeccat.
1030 2435 1235 2526 secundum
1248 2428 1343 2512 bane

302 2535 596 2618 excusationem,
622 2536 871 2614 inexcusabiles
900 2539 989 2614 dicit
1018 2535 1197 2636 Scriptura
1223 2536 1368 2634 divina..

302 2642 537 2734 quoscunque
561 2637 706 2713 scienter
728 2658 875 2734 peccare
898 2638 1092 2716 convincit.
1133 2635 1202 2716 Dei
1222 2650 1347 2715 tamen

301 2735 434 2833 justum
453 2733 625 2829 judicium
645 2758 713 2813 nec
732 2737 796 2812 illie
816 2742 949 2833 queit,
964 2739 1027 2837 qui
1048 2760 1123 2816 non
1143 2734 1343 2818 audierunt.

304 2838 409 2932 (bun
435 2838 520 2930 qnod
538 2834 602 2904 illas
624 2839 807 2930 imputetur
824 2841 1013 2931 ignorantia
1036 2837 1269 2921 invincibilis,
1285 2852 1346 2910 ani

299 2953 466 3030 praeatum
487 2955 530 3005 ex
563 2935 619 3005 ilia
644 2929 839 3024 connaiffan
858 2955 870 3026 ;
889 2935 943 3024 sed
972 2939 1057 3027 quad
1082 2953 1216 3032 propter
1232 2953 1345 3023 pecca.

302 3052 375 3107 tene
395 3033 576 3128 originale,
593 3034 685 3129 cujas
708 3054 800 3130 paena
821 3033 863 3111 cll
888 3033 956 3128 ipsa
976 3040 1187 3129 ignorantia,
1211 3037 1345 3130 &prn-

301 3150 378 3229 μιν
394 3134 463 3204 aba
484 3152 640 3229 paccata,
656 3157 722 3231 qna
734 3133 875 3221 scienter
894 3135 1042 3206 volenter
1057 3135 1307 3222 commiserunt,
1323 3156 1345 3203 a

304 3238 381 3306 Deo
403 3232 626 3328 paniantan)
653 3235 873 3331 Quicunque
898 3241 993 3311 enim
1020 3234 1092 3312 stne
1112 3236 1192 3332 lege
1218 3256 1342 3328 pecca·
1359 3231 1448 3304 Rufi·
1467 3249 1494 3302 ¹·

302 3349 433 3411 rerunt
448 3373 460 3411 a
478 3334 549 3410 line
578 3337 656 3432 lege
678 3340 856 3433 peribunt.
893 3332 938 3413 Et
959 3337 1120 3433 quamvis
1144 3337 1176 3412 se
1200 3332 1264 3431 ipfi
1282 3357 1345 3411 ex·
1418 3351 1423 3360 ·

304 3434 425 3511 cusare
443 3436 648 3521 rideantur,
669 3457 745 3511 non
766 3435 922 3511 admittit
945 3435 1038 3512 hanc
1056 3434 1342 3522 excusationem,

304 3539 366 3634 qui
387 3532 448 3610 scit
474 3532 507 3609 le
527 3532 642 3610 secisse
670 3535 852 3611 hominem
880 3533 1038 3624 retium,
1054 3538 1158 3633 eique
1174 3533 1347 3612 obedien·

303 3640 361 3712 tin
381 3629 510 3709 dedisse
525 3648 763 3732 praeceptum,
784 3656 851 3709 nec
865 3633 928 3710 nili
947 3636 1044 3731 eiua,
1064 3657 1140 3734 quo
1158 3636 1248 3711 male
1264 3633 1346 3711 usue

302 3733 374 3820 est,
396 3732 508 3808 libero
533 3733 723 3809 rolunratir
740 3735 911 3820 arbitrio,
933 3738 1038 3812 etiam
1061 3734 1162 3833 quod
1185 3732 1347 3812 traniret
1494 3787 1497 3794 -
1543 3755 1549 3766 “

301 3837 339 3910 iu
367 3833 551 3930 posteros,
573 3831 723 3908 manalle
747 3854 948 3930 peccatum.
975 3832 1105 3933 Neque
1126 3837 1222 3910 enim
1243 3837 1346 3910 dam·

302 3946 453 4019 uantur,
470 3935 533 4029 qui
560 3955 636 4008 non
658 3950 918 4029 peccaverunt,
941 3936 1233 4033 quandoquidem
1254 3929 1343 4028 illud

303 4053 351 4105 ex
373 4054 449 4108 uno
470 4035 506 4108 in
527 4055 653 4108 omnes
674 4031 940 4130 pertransitain
960 4056 1035 4130 quo
1048 4052 1129 4109 ante
1149 4034 1344 4133 propriaiu

302 4127 450 4225 lingulis
471 4130 665 4230 quibusque
685 4154 828 4229 peccata
852 4155 981 4209 omnes
1001 4138 1240 4210 cummuniter
1258 4151 1345 4228 pec.

303 4250 489 4307 caverunt·
525 4233 578 4307 Ac
603 4253 666 4325 per
696 4228 769 4306 huc
792 4229 1033 4309 inexcusabilis
1054 4232 1101 4307 eli
1121 4234 1238 4307 omnia
1260 4249 1344 4325 peu·

303 4343 425 4412 catur,
439 4330 493 4405 rel
512 4348 611 4408 reatu
623 4333 787 4427 originis.
799 4327 853 4406 vel
875 4331 1118 4409 additamento
1136 4334 1239 4409 etiam
1259 4353 1346 4421 uru-

302 4431 390 4606 Eriae
414 4429 605 4506 voluntatis
621 4426 715 4515 ‚save
739 4434 800 4525 qui
823 4433 985 4526 ignorat,
1014 4430 1084 4506 lire
1108 4434 1170 4525 qui
1188 4432 1346 4527 judicat.

332 4550 374 4606 tc
391 4532 454 4629 qui
479 4551 555 4608 nun
573 4528 719 4628 jubeat
747 4528 844 4625 Quia
865 4529 990 4628 &lpse
1007 4534 1211 4629 ignorantia
1224 4532 1350 4726 {afim
