3700 5425
496 570 566 661 De
584 570 771 667 Peccatis
800 574 847 666 in
870 559 1043 696 genere}
1236 571 1329 688 '42¹7'
1396 632 1402 651 ι

272 742 342 847 pre
357 735 571 830 infirmitatis
601 743 728 834 nostre,
746 748 941 829 secundum
964 741 1157 829 naturalem
1176 744 1321 846 legem,

274 873 347 947 qua
370 844 534 920 naturalia
560 846 655 922 ordo
671 847 824 926 letvatut
848 851 961 951 ‚iuste
986 847 1200 927 vitimua.s1
1225 851 1326 927 viva·

274 972 357 1026 mus
381 967 427 1021 ert
448 942 517 1019 fide
537 967 614 1021 non
638 945 732 1035 lilia,
759 971 840 1045 quae
865 976 928 1050 per
948 951 1172 1038 diletiionem
1195 968 1322 1045 opera·

278 1067 363 1136 tur;
381 1047 549 1120 habentes
564 1047 601 1121 in
617 1047 828 1125 conscientia
850 1054 947 1129 bona
969 1051 1064 1151 spem
1077 1045 1266 1148 repositam
1283 1049 1324 1123 itt

276 1149 380 1249 coelia
401 1146 710 1233 immortalitatis,
740 1150 1083 1247 &incorruptionis
1110 1202 1121 1234 ,
1151 1149 1187 1224 ἃ
1216 1144 1325 1243 ipstut

278 1247 523 1351 perficiendae,
541 1250 709 1344 usquead
727 1252 919 1344 quamdam
938 1248 1158 1327 lneffabilitet
1174 1243 1328 1324 survilli-

276 1370 375 1425 mam
398 1351 610 1420 laturitatem
623 1401 632 1432 ‚
644 1370 752 1442 quam
771 1352 808 1425 in
826 1352 886 1428 ista
902 1352 1187 1449 peregrinatione
1212 1364 1327 1444 opot-

278 1462 334 1525 tet
348 1445 543 1527 el'uriri,ac
566 1446 670 1529 litim,
688 1452 859 1546 quamdiu
869 1449 1051 1548 perfidem
1078 1444 1330 1527 ambulamut·

278 1570 357 1625 uon
375 1566 437 1642 per
452 1544 614 1639 lpeciem.
643 1552 875 1646 Quapropter
887 1550 1044 1626 hominia
1066 1547 1157 1625 aiiio
1174 1546 1328 1624 servient

280 1646 365 1723 fidei
381 1646 540 1720 lutulenti
557 1645 641 1724 Deo
661 1649 822 1728 refraenat
840 1674 967 1729 omnes
988 1648 1154 1726 mortales
1176 1646 1330 1724 deleda·

285 1745 481 1828 tionet‚&
503 1767 560 1820 eas
588 1763 734 1827 coercet
753 1753 798 1827 ad
832 1749 1028 1828 naturalem
1054 1747 1231 1832 modum,
1250 1766 1329 1822 me·

279 1846 372 1922 liora
393 1845 616 1923 interioribus
641 1850 805 1928 ordinata
827 1852 1014 1930 diletiione
1040 1868 1263 1947 praeponent·
1289 1842 1330 1924 Si

279 1951 377 2022 enim
396 1945 482 2018 nihil
495 1944 680 2024 deledaret
696 1949 856 2029 illicitum
872 2007 883 2039 ,
908 1972 1018 2027 neruo
1037 1961 1209 2047 peccaret.
1241 1945 1331 2023 Pec-

280 2066 340 2124 cat
377 2067 495 2142 ergo,
523 2051 587 2143 qui
609 2048 878 2130 deletlatiouern
907 2051 1015 2127 illiciti
1044 2049 1176 2125 relaxat
1205 2048 1330 2145 potiut

283 2169 393 2246 quam
416 2143 585 2223 refraenat.
616 2147 673 2223 Eli
695 2171 813 2228 aurem
844 2152 1038 2237 illicitum,
1062 2146 1163 2246 quod
1185 2143 1245 2223 lex
1270 2144 1333 2225 tile

284 2248 454 2346 prohibet
469 2295 489 2330 2·
506 2270 577 2346 qua
602 2253 767 2329 naturalis
791 2250 885 2329 ordo
917 2251 1071 2328 servatur
1105 2302 1127 2341 ‚‚
1144 2290 1181 2341 „.
1217 2243 1270 2323 Ita
1295 2250 1332 2317 S·

284 2358 422 2439 Arguta,
444 2347 574 2421 lib.22.
600 2354 722 2421 Contra
742 2351 911 2439 feralium,
935 2342 1085 2449 capa?
1107 2347 1145 2424 ἆ
1168 2358 1229 2433 28.
1298 2373 1304 2385 ’

333 2447 524 2523 Peccatum
535 2446 701 2529 definitur
715 2451 847 2525 fatum
858 2508 868 2540 ,
881 2449 1023 2534 ditium,
1038 2446 1096 2518 uel
1107 2449 1332 2540 concupitae,

283 2547 323 2625 id
344 2552 414 2634 eil,
433 2547 528 2625 atius
548 2548 751 2641 humanus,
769 2552 1001 2638 deliberatus,
1025 2568 1102 2646 quo
1123 2546 1190 2633 fit.
1211 2543 1338 2624 veldi·

286 2654 403 2734 citur.
417 2648 471 2722 vel
494 2651 759 2747 concupiscitur
781 2653 936 2751 aliquidt
961 2650 1090 2750 qulbus
1112 2648 1225 2725 terbie
1248 2666 1336 2742 pec·

284 2757 356 2826 cati
389 2754 533 2824 materia
556 2751 758 2848 defignatut
785 2777 896 2852 ‚quae
932 2754 989 2829 vel
1016 2768 1109 2850 opus
1140 2765 1334 2826 externum

284 2856 358 2935 eli,
372 2864 434 2924 aut
449 2855 574 2934 verba,
588 2871 648 2929 aut
663 2858 791 2930 interni
803 2855 909 2930 animi
929 2867 1061 2928 motus.
1090 2846 1243 2927 Additur
1257 2870 1336 2918 ron.

285 2970 341 3021 m
361 2955 462 3042 legem
484 2969 665 3034 etnam,-
687 2959 815 3049 quibua
842 2952 955 3029 verbis
977 2953 1122 3035 lotura,
1147 2961 1189 3026 ut
1209 2951 1257 3023 ita
1276 2947 1336 3023 lo·

290 3073 402 3147 quar,
426 3050 483 3125 leo
497 3056 616 3147 potius
640 3054 844 3129 deformitas
867 3054 1025 3147 peccati,
1049 3071 1129 3147 quae
1156 3046 1335 3125 averfioa

294 3150 380 3227 Deo
403 3157 452 3225 eit
468 3199 479 3233 ,
498 3155 532 3223 dt
553 3151 703 3229 deletiio
721 3158 764 3228 ab
787 3154 878 3229 illiue
902 3152 981 3249 lege
1004 3149 1218 3245 designatur.

334 3249 464 3326 liutius
485 3251 620 3328 deliniri
641 3253 757 3352 potest
778 3267 965 3350 peccatum
988 3244 1146 3333 Perverse
1166 3244 1236 3317 Dei
1256 3239 1337 3313 imi-

288 3361 386 3426 tatto.
408 3350 520 3443 'Quae
539 3350 699 3429 delinitio
727 3355 908 3449 colligitur
932 3373 979 3426 ex
1002 3354 1036 3418 S.
1056 3341 1193 3439 Auguli.
1220 3342 1280 3421 lib.
1297 3355 1355 3423 20·

288 3448 545 3547 tantillitatem,
569 3476 600 3527 c.
611 3450 647 3524 6.
679 3458 724 3529 ita
746 3451 870 3532 Deum
898 3449 1133 3549 alloquente:
1164 3501 1187 3538 „
1203 3500 1225 3537 „
1253 3443 1338 3520 l'et·

289 3552 384 3629 terl'e
406 3572 440 3628 te
460 3555 640 3631 imitantur
655 3578 801 3641 omnes,
816 3554 877 3651 qui
898 3550 1009 3648 longe
1027 3546 1059 3623 le
1078 3570 1098 3625 a
1120 3561 1156 3622 te
1179 3545 1337 3632 iaciunt.

289 3655 527 3730 &extollunt
551 3653 583 3729 se
610 3655 791 3732 adversum
814 3668 858 3729 te
888 3650 958 3727 Sed
986 3651 1091 3727 etiam
1120 3646 1167 3722 fic
1200 3659 1235 3721 te
1258 3648 1339 3721 imi*

287 3759 424 3840 tando,
446 3756 621 3831 indicant,
647 3754 854 3833 Creatorem
877 3765 913 3827 te
935 3746 1002 3825 elle
1025 3750 1144 3824 omnic
1172 3758 1338 3835 naturaet
1427 3810 1429 3816 s

290 3859 329 3930 dr
342 3857 424 3931 tdeo
439 3878 514 3929 non
527 3851 594 3927 elle
607 3903 617 3935 ‚
630 3855 761 3952 quoda
776 3869 811 3930 te
825 3852 926 3929 omni
941 3846 1055 3926 modo
1069 3844 1252 3923 recedatur
1270 3895 1291 3936 ,‚
1304 3882 1354 3935 „o-

290 3955 334 4029 ld
353 3960 496 4052 egregie
516 3956 671 4048 explicat
694 3953 852 4030 ibidem:
878 4007 900 4043 „
915 4005 938 4042 ‚‚
969 3947 1064 4026 Nam
1093 3947 1129 4023 dc
1154 3944 1341 4045 superbiae

289 4063 397 4144 iuquit
416 4052 683 4139 ,cellitudinem
701 4057 878 4135 imitatur,
896 4073 980 4127 cum
1002 4062 1043 4126 tu
1063 4045 1104 4123 fis
1123 4069 1214 4121 tanus
1235 4042 1339 4138 supet
1457 4079 1476 4094 -ν
1491 4051 1517 4086 '⁴

291 4155 415 4229 omnia
439 4154 537 4230 Deus
559 4155 726 4236 excellas.
757 4151 799 4229 Et
816 4154 967 4227 ambitio
984 4149 1070 4247 quid
1093 4143 1155 4221 nist
1180 4142 1340 4221 honoret

291 4269 444 4352 querat,
463 4256 499 4328 δι
531 4253 702 4349 gloriam,
724 4275 807 4331 curn
835 4269 875 4327 tu
899 4248 941 4324 ste
964 4271 1038 4347 pra
1060 4244 1196 4324 cundia
1217 4243 1339 4332 horto·

291 4367 424 4429 raudus
443 4377 535 4430 unus
554 4402 565 4436 ‚
587 4359 624 4429 ἃ
649 4353 825 4451 gloriolas
853 4355 888 4425 in
915 4343 1120 4426 aettrnuml
1147 4341 1192 4420 Et
1213 4341 1341 4417 laetitia

292 4454 506 4551 potestatem
519 4457 632 4531 timeri
644 4453 742 4549 vult3
757 4455 835 4550 quia
848 4463 966 4527 autem
979 4444 1157 4523 timendus
1171 4437 1234 4516 nifi
1249 4459 1341 4516 uum

292 4556 422 4641 Deus,
443 4556 545 4650 cujus
566 4554 731 4655 potestati
761 4551 879 4652 eripi,
910 4561 973 4631 aut
1003 4538 1339 4735 subtrahidffilla
