3700 5425
406 567 492 662 'De
524 498 793 660 Sacramenta
818 566 1099 666 lllatrimonii¹
1216 572 1307 681 23?

239 744 427 826 'amabant
446 741 491 818 de
521 742 583 818 suo
607 764 736 838 genere
764 742 892 815 ducere
909 760 1048 816 uxores.
1076 736 1310 837 verum-qun

223 824 230 873 “
261 848 404 923 dubitet
422 843 686 918 bonelliushoe
712 858 875 936 tempore
890 842 996 915 etiam
1010 838 1308 920 consobrinorum

267 944 444 1044 prohibita
467 940 533 1014 else
548 945 715 1039 coniugia
738 940 753 1015 ἶ)
785 939 873 1014 Νοη
895 937 1011 1015 solum
1034 939 1225 1017 secundum
1246 964 1308 1026 ear

261 1066 343 1143 quae
366 1044 647 1140 disputavimus,
674 1059 820 1135 propter
852 1039 1139 1136 multiplicandas
1161 1036 1310 1115 affinita-

265 1161 339 1229 tes,
360 1142 403 1218 ne
421 1140 545 1216 habeat
564 1144 649 1217 duas
671 1130 934 1216 necessitudines
947 1151 1016 1216 una
1040 1138 1208 1235 persona,
1223 1160 1309 1218 cum

263 1236 488 1342 quaepolsrnt
509 1262 564 1316 ear
589 1241 718 1316 habere
745 1294 755 1326 ,
782 1241 818 1314 lic
842 1263 1010 1317 numerus
1029 1242 1307 1339 propinquitatis

261 1346 409 1438 augeri;
434 1340 489 1414 led
514 1345 618 1416 etiam
643 1345 723 1439 quia
751 1338 867 1414 nescio
905 1341 1097 1435 quomodo
1128 1341 1213 1415 inesl
1239 1339 1309 1415 hu-
1408 1412 1410 1416 Α

261 1461 374 1519 manae
405 1442 626 1516 verecundiae
663 1438 832 1539 quiddam
859 1438 1037 1526 naturale,
1056 1453 1162 1535 atque
1188 1434 1308 1515 laudas

260 1541 351 1628 bile,
368 1558 407 1618 ut
432 1542 490 1617 cui
516 1543 622 1618 debet
650 1537 748 1616 causa
770 1541 1045 1637 propinquitatis
1068 1539 1305 1617 reverendum

258 1639 439 1719 honorem
460 1683 470 1716 2
492 1642 536 1716 ab
562 1661 602 1715 ea
620 1643 829 1723 contineat,
859 1640 1021 1735 quamvis
1041 1642 1303 1739 generatricem

263 1762 382 1820 tamen
412 1740 614 1824 libidinem,
643 1741 687 1815 de
718 1762 788 1834 qua
817 1738 1018 1815 erubescere
1049 1737 1236 1817 ridemus,
1264 1738 1303 1814 dt

262 1841 369 1940 ipsam
394 1837 599 1939 pudicitiam
627 1836 853 1933 conjugalem
879 1894 951 1929 „„.
1345 1928 1349 1935 Ι

316 1938 396 2020 Vll.
422 1937 715 2035 Consanguinitas
728 1939 877 2034 impedit
891 1938 1158 2033 matrimonium
1172 1940 1301 2036 partim
1318 1938 1474 2037 lintrium
1500 2016 1503 2021 ,
1554 1948 1569 1997 '³
1585 1948 1608 2025 i,

262 2035 342 2136 lege
367 2057 522 2123 natura.
545 2044 672 2135 partim
704 2039 782 2134 lege
805 2037 979 2134 positira3
1002 2061 1112 2137 eaque
1138 2043 1192 2116 vel
1211 2039 1297 2116 diri·
1317 2040 1401 2158 Ἢ
1424 2024 1509 2119 Μ.

261 2156 330 2216 nar
356 2153 396 2215 ut
418 2155 580 2232 tempore
603 2133 819 2216 Testamenti
846 2144 995 2223 reteris3
1024 2139 1078 2211 rel
1099 2139 1240 2215 ecclelia
1272 2112 1504 2251 13⁰1wass
1610 2158 1614 2169 ’

260 2261 324 2317 ca.
346 2251 387 2315 ut
405 2256 567 2334 tempore
587 2241 685 2315 novi·
710 2237 882 2333 idemque
901 2235 945 2311 de
960 2232 1127 2314 affinitate
1149 2240 1222 2315 ello
1242 2242 1296 2333 ju·
1314 2248 1426 2340 legibue
1451 2270 1504 2321 rer

259 2338 402 2414 dicium.
438 2338 580 2414 Narura:
606 2340 684 2435 lege
704 2343 851 2414 vetitum
875 2337 923 2412 est
946 2340 1214 2415 matrimonium
1233 2337 1294 2418 lilii
1313 2338 1414 2407 ‘mr

263 2459 345 2512 cum
368 2453 504 2523 matre,
532 2444 636 2532 patris
654 2454 736 2515 cunr
757 2436 851 2520 lilia,
876 2438 1031 2534 privigni
1056 2460 1139 2513 curn
1167 2462 1296 2515 nover-

260 2559 322 2622 ca.
345 2538 485 2635 qualem
508 2560 574 2614 nec
597 2541 687 2613 inter
705 2538 1009 2633 gentesauditam
1036 2538 1224 2632 rlpostolus
1245 2554 1298 2615 to

261 2636 367 2714 slatur
393 2635 454 2731 (r.
483 2643 558 2718 cor,
575 2638 645 2731 5.)
668 2635 758 2713 Item
787 2636 899 2713 vitrici
930 2657 1014 2710 cum
1041 2641 1223 2735 privigna,
1241 2640 1259 2714 s
1279 2683 1298 2706 ·

259 2741 400 2834 cerique
422 2760 505 2812 curn
538 2761 640 2813 nuru·
675 2735 864 2814 Connubia
892 2758 1040 2833 quoque
1070 2733 1299 2818 fratrumidt

258 2834 438 2921 sororum,
462 2837 529 2911 lire
548 2842 707 2932 germani
730 2834 818 2921 sint,
839 2835 906 2910 srve
930 2839 1056 2911 uterini
1068 2877 1079 2917 i
1097 2838 1177 2933 lege
1195 2855 1298 2916 natu-

259 2957 305 3008 rae
331 2937 530 3029 prohibita,
551 2938 766 3032 probabilior
787 2938 914 3029 opinio
941 2936 1002 3010 est·
1041 2934 1174 3014 Pudori
1198 2963 1298 3016 nam·¹

260 3057 356 3130 que,
379 3060 419 3110 ac
444 3040 643 3111 reverentino
669 3035 813 3111 naturali
848 3037 1071 3112 matrimonia
1092 3036 1300 3131 hujusmodl

258 3134 351 3208 adeo
374 3156 596 3232 repugnant,
621 3154 660 3212 ut
694 3136 798 3212 nullae
821 3149 944 3230 gentes
971 3132 1033 3208 nist
1068 3138 1209 3214 incultae
1230 3188 1239 3220 ,
1261 3145 1299 3209 dc

260 3235 410 3308 barbarae
438 3235 492 3309 illa
516 3235 743 3329 permiserint.
797 3233 988 3309 Connubia
1015 3237 1299 3331 consanguineo·-

259 3347 359 3416 rum,
379 3336 415 3408 δι
444 3331 602 3410 affinium
626 3337 814 3410 incaeteris
839 3334 1004 3428 gradibus
1029 3332 1127 3411 lineae
1155 3337 1301 3412 collate·

259 3430 358 3513 ralis,
380 3450 420 3508 ut
439 3443 554 3510 anritae
572 3459 654 3510 cum
675 3436 788 3512 sratris
810 3432 905 3519 lilio,
926 3434 978 3508 vel
1000 3438 1113 3527 patrui
1133 3460 1217 3512 cum
1232 3437 1301 3512 sra-

258 3535 321 3604 tris
346 3530 439 3607 filla,
465 3534 600 3628 aliaque
628 3535 769 3618 similia.
796 3534 874 3630 lege
897 3531 1044 3630 positiva
1080 3532 1150 3610 Dei
1179 3537 1302 3635 probi·

259 3632 330 3704 bita
366 3648 465 3706 erant
506 3631 684 3713 israelitis:
719 3626 1009 3727 (Leurtrerrbl
1052 3633 1147 3711 Cum
1182 3651 1302 3713 autem

258 3746 435 3824 praecepta
448 3730 502 3804 illa
522 3734 693 3829 judicialia
711 3736 834 3810 veteris
849 3730 954 3828 Legis
973 3733 1103 3815 Chrilli
1121 3734 1301 3829 pullione,

259 3834 294 3903 dr
312 3829 580 3917 resurredlione.
603 3857 777 3931 noveque
798 3831 901 3926 Legis
929 3835 1218 3932 promulgatione
1239 3838 1302 3910 ab·

260 3943 382 4023 rogata
406 3929 492 4004 lint.
511 3937 733 4008 matrimonia
756 3936 791 4009 in
817 3934 880 4007 illis
904 3934 1071 4030 gradibus
1090 3934 1304 4029 consangui-

259 4031 376 4103 nitatis
404 4030 521 4106 illicite
545 4033 653 4118 sunt,
680 4034 714 4107 &
745 4032 987 4120 dirimuntur,
1018 4040 1052 4107 in
1079 4036 1208 4130 quibus
1236 4033 1305 4108 irri-

256 4128 504 4226 pedimentum
526 4132 693 4207 dirimens
711 4132 895 4218 constituit
925 4129 1085 4210 Ecclefia.
1131 4131 1235 4209 Unde
1256 4134 1308 4208 sa·

257 4244 317 4309 cru
339 4227 507 4324 Synodus
533 4230 742 4308 Tridentino
773 4228 913 4323 sessu.
937 4249 1014 4307 carr.
1030 4248 1061 4324 3.
1085 4290 1139 4325 ‚,‚,
1167 4234 1202 4308 Si
1226 4237 1306 4329 qbis

258 4329 420 4416 (inquit)
464 4330 623 4418 dixerit,
653 4355 715 4406 eos
740 4346 878 4407 tantum
915 4331 1244 4427 consanguinitatis,
1266 4333 1307 4406 &-

256 4425 596 4527 affinitatisgradus,
612 4434 718 4531 quiin
735 4430 897 4508 Levitico
915 4425 1305 4544 exprimuntumposle

258 4527 721 4628 inrpedirematriurunium
749 4529 1115 4621 contrabendum&
1140 4529 1305 4618 dirimere

399 4677 402 4684 ,
1169 4649 1260 4708 con·
