<?xml version="1.0" encoding="UTF-8"?>
<!DOCTYPE html PUBLIC "-//W3C//DTD XHTML 1.0 Transitional//EN"
    "http://www.w3.org/TR/xhtml1/DTD/xhtml1-transitional.dtd">
<html xmlns="http://www.w3.org/1999/xhtml" xml:lang="en" lang="en">
 <head>
  <title>
</title>
<meta http-equiv="Content-Type" content="text/html;charset=utf-8" />
  <meta name='ocr-system' content='tesseract 3.04.00' />
  <meta name='ocr-capabilities' content='ocr_page ocr_carea ocr_par ocr_line ocrx_word'/>
</head>
<body>
  <div class='ocr_page' id='page_1' title='image "./theologiadogmat05alexgoog_0329.png"; bbox 0 0 3700 5425; ppageno 0'>
   <div class='ocr_carea' id='block_1_1' title="bbox 428 522 1310 665">
    <p class='ocr_par' dir='ltr' id='par_1_1' title="bbox 428 522 1310 665">
     <span class='ocr_line' id='line_1_1' title="bbox 428 522 1310 665; baseline -0.005 -14"><span class='ocrx_word' id='word_1_1' title='bbox 428 559 498 651; x_wconf 85' lang='lat' dir='ltr'>De</span> <span class='ocrx_word' id='word_1_2' title='bbox 522 546 791 651; x_wconf 78' lang='lat' dir='ltr'>sacramento</span> <span class='ocrx_word' id='word_1_3' title='bbox 815 552 1094 659; x_wconf 55' lang='lat' dir='ltr'>Matrimonii}</span> <span class='ocrx_word' id='word_1_4' title='bbox 1229 522 1310 665; x_wconf 52' lang='grc' dir='ltr'>ἐπ’</span> 
     </span>
    </p>
   </div>
   <div class='ocr_carea' id='block_1_2' title="bbox 566 729 1004 811">
    <p class='ocr_par' dir='ltr' id='par_1_2' title="bbox 566 729 1004 811">
     <span class='ocr_line' id='line_1_2' title="bbox 566 729 1004 811; baseline -0.014 -2"><span class='ocrx_word' id='word_1_5' title='bbox 566 729 893 811; x_wconf 76' lang='lat' dir='ltr'>REGULA</span> <span class='ocrx_word' id='word_1_6' title='bbox 941 730 1004 809; x_wconf 86' lang='lat' dir='ltr'>ll.</span> 
     </span>
    </p>
   </div>
   <div class='ocr_carea' id='block_1_3' title="bbox 264 856 1312 1442">
    <p class='ocr_par' dir='ltr' id='par_1_3' title="bbox 264 856 1312 1442">
     <span class='ocr_line' id='line_1_3' title="bbox 264 856 1310 962; baseline -0.008 -18"><span class='ocrx_word' id='word_1_7' title='bbox 264 861 362 944; x_wconf 85' lang='lat' dir='ltr'>luter</span> <span class='ocrx_word' id='word_1_8' title='bbox 389 863 571 942; x_wconf 91' lang='lat' dir='ltr'>mulierem</span> <span class='ocrx_word' id='word_1_9' title='bbox 599 877 764 962; x_wconf 79' lang='lat' dir='ltr'>raptam,</span> <span class='ocrx_word' id='word_1_10' title='bbox 786 867 822 939; x_wconf 77' lang='lat' dir='ltr'>dt</span> <span class='ocrx_word' id='word_1_11' title='bbox 850 876 1060 959; x_wconf 81' lang='lat' dir='ltr'>ruptorem,</span> <span class='ocrx_word' id='word_1_12' title='bbox 1087 859 1112 938; x_wconf 83' lang='lat' dir='ltr'>o</span> <span class='ocrx_word' id='word_1_13' title='bbox 1137 856 1204 936; x_wconf 80' lang='lat' dir='ltr'>fine</span> <span class='ocrx_word' id='word_1_14' title='bbox 1228 858 1310 937; x_wconf 81' lang='lat' dir='ltr'>aliae</span> 
     </span>
     <span class='ocr_line' id='line_1_4' title="bbox 318 959 1310 1061; baseline -0.001 -22"><span class='ocrx_word' id='word_1_15' title='bbox 318 966 473 1059; x_wconf 87' lang='lat' dir='ltr'>personae</span> <span class='ocrx_word' id='word_1_16' title='bbox 497 966 541 1041; x_wconf 88' lang='lat' dir='ltr'>ad</span> <span class='ocrx_word' id='word_1_17' title='bbox 562 965 847 1041; x_wconf 84' lang='lat' dir='ltr'>contrahendum</span> <span class='ocrx_word' id='word_1_18' title='bbox 869 965 1055 1061; x_wconf 82' lang='lat' dir='ltr'>legitimae,</span> <span class='ocrx_word' id='word_1_19' title='bbox 1076 964 1111 1039; x_wconf 78' lang='lat' dir='ltr'>dc</span> <span class='ocrx_word' id='word_1_20' title='bbox 1133 959 1247 1058; x_wconf 91' lang='lat' dir='ltr'>puella</span> <span class='ocrx_word' id='word_1_21' title='bbox 1270 964 1310 1039; x_wconf 88' lang='lat' dir='ltr'>in</span> 
     </span>
     <span class='ocr_line' id='line_1_5' title="bbox 314 1058 1310 1160; baseline -0.005 -20"><span class='ocrx_word' id='word_1_22' title='bbox 314 1065 524 1151; x_wconf 88' lang='lat' dir='ltr'>locuturo,</span> <span class='ocrx_word' id='word_1_23' title='bbox 548 1067 581 1139; x_wconf 74' lang='grc' dir='ltr'><strong>ἃ</strong></span> <span class='ocrx_word' id='word_1_24' title='bbox 612 1063 722 1140; x_wconf 88' lang='lat' dir='ltr'>libero</span> <span class='ocrx_word' id='word_1_25' title='bbox 741 1058 932 1142; x_wconf 86' lang='lat' dir='ltr'>constituta</span> <span class='ocrx_word' id='word_1_26' title='bbox 953 1062 1021 1150; x_wconf 82' lang='lat' dir='ltr'>sat,</span> <span class='ocrx_word' id='word_1_27' title='bbox 1046 1067 1081 1139; x_wconf 77' lang='lat' dir='ltr'>de</span> <span class='ocrx_word' id='word_1_28' title='bbox 1106 1064 1310 1160; x_wconf 84' lang='lat' dir='ltr'>parentibuc</span> 
     </span>
     <span class='ocr_line' id='line_1_6' title="bbox 311 1162 1309 1261; baseline -0.001 -21"><span class='ocrx_word' id='word_1_29' title='bbox 311 1168 463 1242; x_wconf 86' lang='lat' dir='ltr'>restituta</span> <span class='ocrx_word' id='word_1_30' title='bbox 484 1213 494 1242; x_wconf 64' lang='lat'><em>2</em></span> <span class='ocrx_word' id='word_1_31' title='bbox 526 1163 736 1240; x_wconf 73' lang='lat' dir='ltr'>inondum</span> <span class='ocrx_word' id='word_1_32' title='bbox 766 1162 807 1240; x_wconf 86' lang='lat' dir='ltr'>stt</span> <span class='ocrx_word' id='word_1_33' title='bbox 830 1168 878 1242; x_wconf 90' lang='lat' dir='ltr'>sui</span> <span class='ocrx_word' id='word_1_34' title='bbox 905 1166 1017 1261; x_wconf 74' lang='lat' dir='ltr'>iuris,</span> <span class='ocrx_word' id='word_1_35' title='bbox 1040 1163 1309 1240; x_wconf 81' lang='lat' dir='ltr'>matrimonium</span> 
     </span>
     <span class='ocr_line' id='line_1_7' title="bbox 314 1259 1312 1363; baseline 0.001 -23"><span class='ocrx_word' id='word_1_36' title='bbox 314 1265 479 1343; x_wconf 88' lang='lat' dir='ltr'>contrahi</span> <span class='ocrx_word' id='word_1_37' title='bbox 512 1264 694 1358; x_wconf 68' lang='lat' dir='ltr'>poteihsr</span> <span class='ocrx_word' id='word_1_38' title='bbox 724 1264 793 1358; x_wconf 91' lang='lat' dir='ltr'>ipsa</span> <span class='ocrx_word' id='word_1_39' title='bbox 819 1262 1029 1341; x_wconf 80' lang='lat' dir='ltr'>consenserit</span> <span class='ocrx_word' id='word_1_40' title='bbox 1049 1316 1060 1353; x_wconf 85' lang='lat'><strong>.</strong></span> <span class='ocrx_word' id='word_1_41' title='bbox 1084 1259 1312 1363; x_wconf 75' lang='lat' dir='ltr'>conciliique</span> 
     </span>
     <span class='ocr_line' id='line_1_8' title="bbox 314 1363 848 1442; baseline -0.011 0"><span class='ocrx_word' id='word_1_42' title='bbox 314 1363 516 1442; x_wconf 83' lang='lat' dir='ltr'>Tridentini</span> <span class='ocrx_word' id='word_1_43' title='bbox 543 1365 656 1440; x_wconf 85' lang='lat' dir='ltr'>forma</span> <span class='ocrx_word' id='word_1_44' title='bbox 683 1364 848 1441; x_wconf 84' lang='lat' dir='ltr'>servetur.</span> 
     </span>
    </p>
   </div>
   <div class='ocr_carea' id='block_1_4' title="bbox 261 1491 1340 1791">
    <p class='ocr_par' dir='ltr' id='par_1_4' title="bbox 261 1491 1340 1791">
     <span class='ocr_line' id='line_1_9' title="bbox 261 1491 1340 1688; baseline 0.004 -119"><span class='ocrx_word' id='word_1_45' title='bbox 261 1550 286 1590; x_wconf 82' lang='lat'>„</span> <span class='ocrx_word' id='word_1_46' title='bbox 301 1550 324 1588; x_wconf 87' lang='lat'>„</span> <span class='ocrx_word' id='word_1_47' title='bbox 342 1493 512 1688; x_wconf 84' lang='lat' dir='ltr'>Quod</span> <span class='ocrx_word' id='word_1_48' title='bbox 539 1491 561 1567; x_wconf 84' lang='lat' dir='ltr'>si</span> <span class='ocrx_word' id='word_1_49' title='bbox 577 1512 674 1589; x_wconf 88' lang='lat' dir='ltr'>rapta</span> <span class='ocrx_word' id='word_1_50' title='bbox 692 1491 863 1586; x_wconf 81' lang='lat' dir='ltr'>(inquit)</span> <span class='ocrx_word' id='word_1_51' title='bbox 887 1518 906 1571; x_wconf 89' lang='lat' dir='ltr'>a</span> <span class='ocrx_word' id='word_1_52' title='bbox 928 1510 1070 1592; x_wconf 87' lang='lat' dir='ltr'>raptore</span> <span class='ocrx_word' id='word_1_53' title='bbox 1083 1493 1253 1594; x_wconf 84' lang='lat' dir='ltr'>separata,</span> <span class='ocrx_word' id='word_1_54' title='bbox 1271 1494 1311 1573; x_wconf 78' lang='lat' dir='ltr'>dt</span> <span class='ocrx_word' id='word_1_55' title='bbox 1337 1534 1340 1539; x_wconf 92' lang='lat'>·</span> 
     </span>
     <span class='ocr_line' id='line_1_10' title="bbox 454 1594 1310 1681; baseline 0.005 -16"><span class='ocrx_word' id='word_1_56' title='bbox 454 1596 490 1669; x_wconf 93' lang='lat' dir='ltr'>in</span> <span class='ocrx_word' id='word_1_57' title='bbox 511 1595 715 1679; x_wconf 90' lang='lat' dir='ltr'>locuturo,</span> <span class='ocrx_word' id='word_1_58' title='bbox 737 1595 772 1668; x_wconf 77' lang='lat' dir='ltr'>dt</span> <span class='ocrx_word' id='word_1_59' title='bbox 794 1594 905 1669; x_wconf 91' lang='lat' dir='ltr'>libero</span> <span class='ocrx_word' id='word_1_60' title='bbox 924 1596 1133 1681; x_wconf 84' lang='lat' dir='ltr'>constituta,</span> <span class='ocrx_word' id='word_1_61' title='bbox 1153 1594 1250 1672; x_wconf 90' lang='lat' dir='ltr'>illum</span> <span class='ocrx_word' id='word_1_62' title='bbox 1270 1599 1310 1677; x_wconf 87' lang='lat' dir='ltr'>in</span> 
     </span>
     <span class='ocr_line' id='line_1_11' title="bbox 262 1694 1310 1791; baseline 0.001 -21"><span class='ocrx_word' id='word_1_63' title='bbox 262 1700 379 1772; x_wconf 85' lang='lat' dir='ltr'>virum</span> <span class='ocrx_word' id='word_1_64' title='bbox 394 1695 520 1768; x_wconf 87' lang='lat' dir='ltr'>habere</span> <span class='ocrx_word' id='word_1_65' title='bbox 542 1694 773 1779; x_wconf 84' lang='lat' dir='ltr'>consenserit,</span> <span class='ocrx_word' id='word_1_66' title='bbox 793 1718 869 1769; x_wconf 86' lang='lat' dir='ltr'>earn</span> <span class='ocrx_word' id='word_1_67' title='bbox 890 1709 1011 1791; x_wconf 90' lang='lat' dir='ltr'>raptor</span> <span class='ocrx_word' id='word_1_68' title='bbox 1025 1698 1060 1770; x_wconf 86' lang='lat' dir='ltr'>iri</span> <span class='ocrx_word' id='word_1_69' title='bbox 1077 1716 1230 1772; x_wconf 86' lang='lat' dir='ltr'>uxorem</span> <span class='ocrx_word' id='word_1_70' title='bbox 1246 1695 1310 1771; x_wconf 84' lang='lat' dir='ltr'>ha·</span> 
     </span>
    </p>
   </div>
   <div class='ocr_carea' id='block_1_5' title="bbox 262 1790 1308 1989">
    <p class='ocr_par' dir='ltr' id='par_1_5' title="bbox 262 1790 1308 1989">
     <span class='ocr_line' id='line_1_12' title="bbox 263 1790 1308 1891; baseline 0 -19"><span class='ocrx_word' id='word_1_71' title='bbox 263 1799 345 1872; x_wconf 89' lang='lat' dir='ltr'>beat</span> <span class='ocrx_word' id='word_1_72' title='bbox 369 1849 390 1884; x_wconf 90' lang='lat'>,‚</span> <span class='ocrx_word' id='word_1_73' title='bbox 404 1839 436 1884; x_wconf 85' lang='lat'>,‚.</span> <span class='ocrx_word' id='word_1_74' title='bbox 465 1791 577 1886; x_wconf 88' lang='lat' dir='ltr'>Quod</span> <span class='ocrx_word' id='word_1_75' title='bbox 601 1796 699 1868; x_wconf 85' lang='lat' dir='ltr'>sacrae</span> <span class='ocrx_word' id='word_1_76' title='bbox 721 1795 859 1891; x_wconf 79' lang='lat' dir='ltr'>Synodi</span> <span class='ocrx_word' id='word_1_77' title='bbox 882 1790 1080 1873; x_wconf 85' lang='lat' dir='ltr'>Decretum</span> <span class='ocrx_word' id='word_1_78' title='bbox 1103 1794 1308 1873; x_wconf 86' lang='lat' dir='ltr'>consonum</span> 
     </span>
     <span class='ocr_line' id='line_1_13' title="bbox 262 1891 1307 1989; baseline -0.003 -18"><span class='ocrx_word' id='word_1_79' title='bbox 262 1899 313 1971; x_wconf 85' lang='lat' dir='ltr'>eil</span> <span class='ocrx_word' id='word_1_80' title='bbox 338 1898 514 1964; x_wconf 72' lang='lat' dir='ltr'>innocenter</span> <span class='ocrx_word' id='word_1_81' title='bbox 530 1896 598 1962; x_wconf 85' lang='lat' dir='ltr'>m.</span> <span class='ocrx_word' id='word_1_82' title='bbox 620 1893 807 1983; x_wconf 79' lang='lat' dir='ltr'>responso·</span> <span class='ocrx_word' id='word_1_83' title='bbox 834 1918 912 1989; x_wconf 82' lang='lat' dir='ltr'>cap.</span> <span class='ocrx_word' id='word_1_84' title='bbox 935 1896 1119 1977; x_wconf 78' lang='lat' dir='ltr'>Accedent,</span> <span class='ocrx_word' id='word_1_85' title='bbox 1141 1891 1222 1987; x_wconf 73' lang='lat' dir='ltr'>Ext.</span> <span class='ocrx_word' id='word_1_86' title='bbox 1250 1898 1307 1968; x_wconf 86' lang='lat' dir='ltr'>Dc</span> 
     </span>
    </p>
   </div>
   <div class='ocr_carea' id='block_1_6' title="bbox 263 1989 1308 2492">
    <p class='ocr_par' dir='ltr' id='par_1_6' title="bbox 263 1989 1308 2492">
     <span class='ocr_line' id='line_1_14' title="bbox 263 1989 1306 2091; baseline 0.007 -26"><span class='ocrx_word' id='word_1_87' title='bbox 263 1989 485 2084; x_wconf 74' lang='lat' dir='ltr'>Kaptnribns,</span> <span class='ocrx_word' id='word_1_88' title='bbox 505 1994 606 2088; x_wconf 84' lang='lat' dir='ltr'>cujus</span> <span class='ocrx_word' id='word_1_89' title='bbox 628 1991 703 2068; x_wconf 83' lang='lat' dir='ltr'>haec</span> <span class='ocrx_word' id='word_1_90' title='bbox 725 1994 804 2070; x_wconf 91' lang='lat' dir='ltr'>sunt</span> <span class='ocrx_word' id='word_1_91' title='bbox 827 1994 954 2075; x_wconf 78' lang='lat' dir='ltr'>verba:</span> <span class='ocrx_word' id='word_1_92' title='bbox 971 2043 1027 2086; x_wconf 59' lang='lat' dir='ltr'>‚m</span> <span class='ocrx_word' id='word_1_93' title='bbox 1051 1992 1166 2091; x_wconf 82' lang='lat' dir='ltr'>itapn</span> <span class='ocrx_word' id='word_1_94' title='bbox 1189 1994 1306 2091; x_wconf 79' lang='lat' dir='ltr'>puella</span> 
     </span>
     <span class='ocr_line' id='line_1_15' title="bbox 263 2092 1306 2188; baseline 0.002 -19"><span class='ocrx_word' id='word_1_95' title='bbox 263 2092 421 2188; x_wconf 77' lang='lat' dir='ltr'>legitime</span> <span class='ocrx_word' id='word_1_96' title='bbox 443 2093 630 2170; x_wconf 83' lang='lat' dir='ltr'>contrahet</span> <span class='ocrx_word' id='word_1_97' title='bbox 655 2115 738 2170; x_wconf 92' lang='lat' dir='ltr'>cum</span> <span class='ocrx_word' id='word_1_98' title='bbox 768 2113 935 2188; x_wconf 75' lang='lat' dir='ltr'>raptore,</span> <span class='ocrx_word' id='word_1_99' title='bbox 964 2094 987 2169; x_wconf 89' lang='lat' dir='ltr'>sr</span> <span class='ocrx_word' id='word_1_100' title='bbox 1013 2097 1110 2185; x_wconf 87' lang='lat' dir='ltr'>prior</span> <span class='ocrx_word' id='word_1_101' title='bbox 1141 2092 1306 2171; x_wconf 76' lang='lat' dir='ltr'>dissensio</span> 
     </span>
     <span class='ocr_line' id='line_1_16' title="bbox 263 2193 1306 2290; baseline 0.003 -21"><span class='ocrx_word' id='word_1_102' title='bbox 263 2194 412 2269; x_wconf 89' lang='lat' dir='ltr'>transeat</span> <span class='ocrx_word' id='word_1_103' title='bbox 442 2194 673 2287; x_wconf 83' lang='lat' dir='ltr'>postmodum</span> <span class='ocrx_word' id='word_1_104' title='bbox 706 2197 740 2267; x_wconf 92' lang='lat' dir='ltr'>in</span> <span class='ocrx_word' id='word_1_105' title='bbox 767 2193 1004 2281; x_wconf 69' lang='lat' dir='ltr'>consensum</span> <span class='ocrx_word' id='word_1_106' title='bbox 1033 2195 1070 2270; x_wconf 82' lang='lat' dir='ltr'>dc</span> <span class='ocrx_word' id='word_1_107' title='bbox 1099 2197 1201 2290; x_wconf 85' lang='lat' dir='ltr'>quod</span> <span class='ocrx_word' id='word_1_108' title='bbox 1222 2211 1306 2271; x_wconf 83' lang='lat' dir='ltr'>ante</span> 
     </span>
     <span class='ocr_line' id='line_1_17' title="bbox 263 2292 1308 2390; baseline 0.007 -22"><span class='ocrx_word' id='word_1_109' title='bbox 263 2295 457 2383; x_wconf 89' lang='lat' dir='ltr'>displicuit,</span> <span class='ocrx_word' id='word_1_110' title='bbox 488 2295 631 2368; x_wconf 85' lang='lat' dir='ltr'>tandem</span> <span class='ocrx_word' id='word_1_111' title='bbox 655 2296 799 2388; x_wconf 85' lang='lat' dir='ltr'>incipiat</span> <span class='ocrx_word' id='word_1_112' title='bbox 821 2292 1046 2390; x_wconf 82' lang='lat' dir='ltr'>complacere</span> <span class='ocrx_word' id='word_1_113' title='bbox 1060 2318 1072 2386; x_wconf 82' lang='lat'>3</span> <span class='ocrx_word' id='word_1_114' title='bbox 1100 2293 1308 2375; x_wconf 74' lang='lat' dir='ltr'>dummodo</span> 
     </span>
     <span class='ocr_line' id='line_1_18' title="bbox 263 2391 1161 2492; baseline 0 -21"><span class='ocrx_word' id='word_1_115' title='bbox 263 2392 309 2471; x_wconf 79' lang='lat' dir='ltr'>ad</span> <span class='ocrx_word' id='word_1_116' title='bbox 332 2393 616 2471; x_wconf 85' lang='lat' dir='ltr'>contrahendum</span> <span class='ocrx_word' id='word_1_117' title='bbox 639 2393 803 2488; x_wconf 76' lang='lat' dir='ltr'>legitime</span> <span class='ocrx_word' id='word_1_118' title='bbox 825 2391 888 2471; x_wconf 82' lang='lat' dir='ltr'>sint</span> <span class='ocrx_word' id='word_1_119' title='bbox 911 2395 1068 2492; x_wconf 70' lang='lat' dir='ltr'>personae</span> <span class='ocrx_word' id='word_1_120' title='bbox 1088 2449 1110 2485; x_wconf 87' lang='lat'>„</span> <span class='ocrx_word' id='word_1_121' title='bbox 1124 2430 1161 2487; x_wconf 73' lang='lat'>„0</span> 
     </span>
    </p>
   </div>
   <div class='ocr_carea' id='block_1_7' title="bbox 454 2523 1128 2613">
    <p class='ocr_par' dir='ltr' id='par_1_7' title="bbox 454 2523 1128 2613">
     <span class='ocr_line' id='line_1_19' title="bbox 454 2523 1128 2613; baseline -0.006 -10"><span class='ocrx_word' id='word_1_122' title='bbox 454 2523 945 2613; x_wconf 77' lang='lat' dir='ltr'><strong>ARTICULUS</strong></span> <span class='ocrx_word' id='word_1_123' title='bbox 996 2524 1128 2609; x_wconf 79' lang='lat' dir='ltr'>xiii.</span> 
     </span>
    </p>
   </div>
   <div class='ocr_carea' id='block_1_8' title="bbox 263 2653 1309 2949">
    <p class='ocr_par' dir='ltr' id='par_1_8' title="bbox 263 2653 1309 2949">
     <span class='ocr_line' id='line_1_20' title="bbox 328 2653 1243 2748; baseline -0.002 -19"><span class='ocrx_word' id='word_1_124' title='bbox 328 2659 384 2730; x_wconf 85' lang='lat' dir='ltr'>De</span> <span class='ocrx_word' id='word_1_125' title='bbox 406 2653 635 2748; x_wconf 65' lang='lat' dir='ltr'>dispensrrione</span> <span class='ocrx_word' id='word_1_126' title='bbox 665 2656 752 2724; x_wconf 84' lang='lat' dir='ltr'>circa</span> <span class='ocrx_word' id='word_1_127' title='bbox 776 2657 1006 2744; x_wconf 83' lang='lat' dir='ltr'>impedimenta</span> <span class='ocrx_word' id='word_1_128' title='bbox 1028 2654 1243 2734; x_wconf 80' lang='lat' dir='ltr'>matrimonii.</span> 
     </span>
     <span class='ocr_line' id='line_1_21' title="bbox 263 2763 1309 2949; baseline -0.017 -76"><span class='ocrx_word' id='word_1_129' title='bbox 263 2784 352 2949; x_wconf 88' lang='lat' dir='ltr'>D</span> <span class='ocrx_word' id='word_1_130' title='bbox 374 2783 533 2877; x_wconf 54' lang='lat' dir='ltr'>sinulatio</span> <span class='ocrx_word' id='word_1_131' title='bbox 555 2791 749 2882; x_wconf 78' lang='lat' dir='ltr'>generatim</span> <span class='ocrx_word' id='word_1_132' title='bbox 772 2803 936 2884; x_wconf 74' lang='lat' dir='ltr'>accepia,</span> <span class='ocrx_word' id='word_1_133' title='bbox 951 2789 1000 2866; x_wconf 82' lang='lat' dir='ltr'>est</span> <span class='ocrx_word' id='word_1_134' title='bbox 1013 2763 1309 2881; x_wconf 72' lang='lat' dir='ltr'>Reseratr&#39;ojnn&#39;c,</span> 
     </span>
    </p>
   </div>
   <div class='ocr_carea' id='block_1_9' title="bbox 220 2885 1308 3084">
    <p class='ocr_par' dir='ltr' id='par_1_9' title="bbox 220 2885 1308 3084">
     <span class='ocr_line' id='line_1_22' title="bbox 381 2885 1307 2983; baseline 0.005 -30"><span class='ocrx_word' id='word_1_135' title='bbox 381 2911 452 2955; x_wconf 82' lang='lat' dir='ltr'>cum</span> <span class='ocrx_word' id='word_1_136' title='bbox 467 2890 650 2979; x_wconf 79' lang='lat' dir='ltr'>cognitione</span> <span class='ocrx_word' id='word_1_137' title='bbox 677 2887 773 2972; x_wconf 67' lang='lat' dir='ltr'>corase</span> <span class='ocrx_word' id='word_1_138' title='bbox 787 2886 877 2977; x_wconf 69' lang='lat' dir='ltr'>fasir</span> <span class='ocrx_word' id='word_1_139' title='bbox 897 2890 937 2959; x_wconf 84' lang='lat' dir='ltr'>ab</span> <span class='ocrx_word' id='word_1_140' title='bbox 949 2915 985 2957; x_wconf 82' lang='lat' dir='ltr'>ro</span> <span class='ocrx_word' id='word_1_141' title='bbox 1000 2945 1010 2975; x_wconf 85' lang='lat'><strong>‚</strong></span> <span class='ocrx_word' id='word_1_142' title='bbox 1027 2911 1122 2983; x_wconf 84' lang='lat' dir='ltr'>penes</span> <span class='ocrx_word' id='word_1_143' title='bbox 1148 2912 1240 2982; x_wconf 80' lang='lat' dir='ltr'>qnam</span> <span class='ocrx_word' id='word_1_144' title='bbox 1262 2885 1307 2968; x_wconf 71' lang='lat' dir='ltr'>eil</span> 
     </span>
     <span class='ocr_line' id='line_1_23' title="bbox 220 2982 1308 3084; baseline 0.017 -35"><span class='ocrx_word' id='word_1_145' title='bbox 220 3029 222 3032; x_wconf 94' lang='lat'>-</span> <span class='ocrx_word' id='word_1_146' title='bbox 263 2982 412 3075; x_wconf 77' lang='lat' dir='ltr'>legrtime</span> <span class='ocrx_word' id='word_1_147' title='bbox 438 2987 483 3055; x_wconf 82' lang='lat' dir='ltr'>rel</span> <span class='ocrx_word' id='word_1_148' title='bbox 498 2992 604 3056; x_wconf 59' lang='lat' dir='ltr'>nandi</span> <span class='ocrx_word' id='word_1_149' title='bbox 622 2984 775 3072; x_wconf 73' lang='lat' dir='ltr'>fictilem.</span> <span class='ocrx_word' id='word_1_150' title='bbox 812 2987 916 3065; x_wconf 82' lang='lat' dir='ltr'>Unde</span> <span class='ocrx_word' id='word_1_151' title='bbox 938 2994 1028 3065; x_wconf 81' lang='lat' dir='ltr'>circa</span> <span class='ocrx_word' id='word_1_152' title='bbox 1054 2991 1308 3084; x_wconf 67' lang='lat' dir='ltr'>impedlmeiild</span> 
     </span>
    </p>
   </div>
   <div class='ocr_carea' id='block_1_10' title="bbox 262 3083 1431 3182">
    <p class='ocr_par' dir='ltr' id='par_1_10' title="bbox 262 3083 1431 3182">
     <span class='ocr_line' id='line_1_24' title="bbox 262 3083 1431 3182; baseline 0.002 -24"><span class='ocrx_word' id='word_1_153' title='bbox 262 3090 479 3161; x_wconf 76' lang='lat' dir='ltr'>matrimonii</span> <span class='ocrx_word' id='word_1_154' title='bbox 508 3093 583 3182; x_wconf 86' lang='lat' dir='ltr'>jure</span> <span class='ocrx_word' id='word_1_155' title='bbox 615 3088 787 3164; x_wconf 75' lang='lat' dir='ltr'>duntaxat</span> <span class='ocrx_word' id='word_1_156' title='bbox 824 3083 1053 3165; x_wconf 84' lang='lat' dir='ltr'>ecclesiastico</span> <span class='ocrx_word' id='word_1_157' title='bbox 1086 3090 1304 3166; x_wconf 81' lang='lat' dir='ltr'>constituta,</span> <span class='ocrx_word' id='word_1_158' title='bbox 1428 3163 1431 3174; x_wconf 75' lang='grc'>,</span> 
     </span>
    </p>
   </div>
   <div class='ocr_carea' id='block_1_11' title="bbox 263 3184 1311 4373">
    <p class='ocr_par' dir='ltr' id='par_1_11' title="bbox 263 3184 1311 4373">
     <span class='ocr_line' id='line_1_25' title="bbox 266 3184 1304 3286; baseline 0.004 -28"><span class='ocrx_word' id='word_1_159' title='bbox 266 3184 446 3260; x_wconf 87' lang='lat' dir='ltr'>summum</span> <span class='ocrx_word' id='word_1_160' title='bbox 474 3184 685 3263; x_wconf 84' lang='lat' dir='ltr'>Pontificem</span> <span class='ocrx_word' id='word_1_161' title='bbox 712 3191 902 3286; x_wconf 81' lang='lat' dir='ltr'>dispensare</span> <span class='ocrx_word' id='word_1_162' title='bbox 934 3187 1051 3283; x_wconf 76' lang='lat' dir='ltr'>posse,</span> <span class='ocrx_word' id='word_1_163' title='bbox 1080 3205 1217 3264; x_wconf 89' lang='lat' dir='ltr'>certum</span> <span class='ocrx_word' id='word_1_164' title='bbox 1235 3189 1304 3273; x_wconf 88' lang='lat' dir='ltr'>est,</span> 
     </span>
     <span class='ocr_line' id='line_1_26' title="bbox 263 3283 1308 3385; baseline 0.008 -31"><span class='ocrx_word' id='word_1_165' title='bbox 263 3306 420 3380; x_wconf 83' lang='lat' dir='ltr'>euntque</span> <span class='ocrx_word' id='word_1_166' title='bbox 444 3287 556 3362; x_wconf 86' lang='lat' dir='ltr'>solum</span> <span class='ocrx_word' id='word_1_167' title='bbox 580 3288 1066 3385; x_wconf 59' lang='lat' dir='ltr'>ngurarum-(ursoquunrur</span> <span class='ocrx_word' id='word_1_168' title='bbox 1080 3283 1119 3380; x_wconf 85' lang='lat'>3)</span> <span class='ocrx_word' id='word_1_169' title='bbox 1136 3310 1217 3362; x_wconf 81' lang='lat' dir='ltr'>cunr</span> <span class='ocrx_word' id='word_1_170' title='bbox 1241 3287 1308 3362; x_wconf 74' lang='lat' dir='ltr'>hu·</span> 
     </span>
     <span class='ocr_line' id='line_1_27' title="bbox 265 3383 1308 3484; baseline 0.004 -30"><span class='ocrx_word' id='word_1_171' title='bbox 265 3383 417 3477; x_wconf 83' lang='lat' dir='ltr'>jusmodi</span> <span class='ocrx_word' id='word_1_172' title='bbox 437 3389 689 3477; x_wconf 87' lang='lat' dir='ltr'>impedimenta</span> <span class='ocrx_word' id='word_1_173' title='bbox 714 3388 798 3473; x_wconf 72' lang='lat' dir='ltr'>snt,</span> <span class='ocrx_word' id='word_1_174' title='bbox 820 3389 872 3461; x_wconf 86' lang='lat' dir='ltr'>vel</span> <span class='ocrx_word' id='word_1_175' title='bbox 897 3416 914 3465; x_wconf 88' lang='lat' dir='ltr'>a</span> <span class='ocrx_word' id='word_1_176' title='bbox 939 3389 1107 3465; x_wconf 89' lang='lat' dir='ltr'>Conciiiis</span> <span class='ocrx_word' id='word_1_177' title='bbox 1136 3383 1308 3484; x_wconf 81' lang='lat' dir='ltr'>gener-uli-</span> 
     </span>
     <span class='ocr_line' id='line_1_28' title="bbox 268 3485 1307 3583; baseline 0.005 -27"><span class='ocrx_word' id='word_1_178' title='bbox 268 3486 333 3556; x_wconf 65' lang='lat' dir='ltr'>bu&lt;</span> <span class='ocrx_word' id='word_1_179' title='bbox 348 3538 356 3564; x_wconf 92' lang='lat'>‚</span> <span class='ocrx_word' id='word_1_180' title='bbox 372 3485 423 3557; x_wconf 85' lang='lat' dir='ltr'>vel</span> <span class='ocrx_word' id='word_1_181' title='bbox 450 3511 468 3559; x_wconf 91' lang='lat' dir='ltr'>a</span> <span class='ocrx_word' id='word_1_182' title='bbox 487 3487 630 3562; x_wconf 84' lang='lat' dir='ltr'>summis</span> <span class='ocrx_word' id='word_1_183' title='bbox 655 3487 883 3564; x_wconf 71' lang='lat' dir='ltr'>Pontificibus</span> <span class='ocrx_word' id='word_1_184' title='bbox 904 3491 1081 3571; x_wconf 80' lang='lat' dir='ltr'>instituta,</span> <span class='ocrx_word' id='word_1_185' title='bbox 1097 3492 1131 3563; x_wconf 88' lang='lat' dir='ltr'>in</span> <span class='ocrx_word' id='word_1_186' title='bbox 1148 3508 1307 3583; x_wconf 85' lang='lat' dir='ltr'>quorum</span> 
     </span>
     <span class='ocr_line' id='line_1_29' title="bbox 267 3581 1308 3685; baseline 0.004 -28"><span class='ocrx_word' id='word_1_187' title='bbox 267 3581 421 3657; x_wconf 79' lang='lat' dir='ltr'>Decreta</span> <span class='ocrx_word' id='word_1_188' title='bbox 441 3588 650 3679; x_wconf 84' lang='lat' dir='ltr'>potestatem</span> <span class='ocrx_word' id='word_1_189' title='bbox 674 3583 747 3662; x_wconf 85' lang='lat' dir='ltr'>non</span> <span class='ocrx_word' id='word_1_190' title='bbox 771 3591 901 3665; x_wconf 76' lang='lat' dir='ltr'>habent</span> <span class='ocrx_word' id='word_1_191' title='bbox 924 3587 1106 3685; x_wconf 78' lang='lat' dir='ltr'>Episcopi,</span> <span class='ocrx_word' id='word_1_192' title='bbox 1132 3611 1216 3663; x_wconf 86' lang='lat' dir='ltr'>cuin</span> <span class='ocrx_word' id='word_1_193' title='bbox 1240 3610 1308 3661; x_wconf 82' lang='lat' dir='ltr'>ro-</span> 
     </span>
     <span class='ocr_line' id='line_1_30' title="bbox 267 3686 1308 3783; baseline 0.007 -28"><span class='ocrx_word' id='word_1_194' title='bbox 267 3705 348 3755; x_wconf 88' lang='lat' dir='ltr'>rum</span> <span class='ocrx_word' id='word_1_195' title='bbox 370 3686 552 3759; x_wconf 73' lang='lat' dir='ltr'>autioritn</span> <span class='ocrx_word' id='word_1_196' title='bbox 575 3743 585 3770; x_wconf 89' lang='lat'>,</span> <span class='ocrx_word' id='word_1_197' title='bbox 608 3695 640 3760; x_wconf 78' lang='lat' dir='ltr'>dt</span> <span class='ocrx_word' id='word_1_198' title='bbox 664 3691 851 3783; x_wconf 74' lang='lat' dir='ltr'>juridictio</span> <span class='ocrx_word' id='word_1_199' title='bbox 882 3688 1130 3766; x_wconf 84' lang='lat' dir='ltr'>Conciliorum</span> <span class='ocrx_word' id='word_1_200' title='bbox 1160 3707 1308 3783; x_wconf 82' lang='lat' dir='ltr'>genera-</span> 
     </span>
     <span class='ocr_line' id='line_1_31' title="bbox 264 3781 1308 3880; baseline 0.007 -24"><span class='ocrx_word' id='word_1_201' title='bbox 264 3781 354 3857; x_wconf 84' lang='lat' dir='ltr'>lium</span> <span class='ocrx_word' id='word_1_202' title='bbox 372 3832 377 3844; x_wconf 82' lang='lat'>·</span> <span class='ocrx_word' id='word_1_203' title='bbox 396 3791 428 3856; x_wconf 75' lang='lat' dir='ltr'>dr</span> <span class='ocrx_word' id='word_1_204' title='bbox 448 3790 583 3880; x_wconf 88' lang='lat' dir='ltr'>romani</span> <span class='ocrx_word' id='word_1_205' title='bbox 610 3789 1076 3869; x_wconf 68' lang='lat' dir='ltr'>Pontificisausluritatea&amp;</span> <span class='ocrx_word' id='word_1_206' title='bbox 1099 3787 1308 3880; x_wconf 80' lang='lat' dir='ltr'>jurisditlio-</span> 
     </span>
     <span class='ocr_line' id='line_1_32' title="bbox 267 3877 1208 3984; baseline 0.013 -27"><span class='ocrx_word' id='word_1_207' title='bbox 267 3906 313 3957; x_wconf 90' lang='lat' dir='ltr'>ne</span> <span class='ocrx_word' id='word_1_208' title='bbox 334 3881 375 3957; x_wconf 86' lang='lat' dir='ltr'>srr</span> <span class='ocrx_word' id='word_1_209' title='bbox 400 3884 564 3966; x_wconf 80' lang='lat' dir='ltr'>inferior,</span> <span class='ocrx_word' id='word_1_210' title='bbox 590 3888 720 3984; x_wconf 87' lang='lat' dir='ltr'>illisque</span> <span class='ocrx_word' id='word_1_211' title='bbox 742 3890 887 3965; x_wconf 79' lang='lat' dir='ltr'>iubam·</span> <span class='ocrx_word' id='word_1_212' title='bbox 979 3877 985 3894; x_wconf 75' lang='grc'><strong>’</strong></span> <span class='ocrx_word' id='word_1_213' title='bbox 1195 3905 1208 3922; x_wconf 89' lang='grc'><strong>“</strong></span> 
     </span>
     <span class='ocr_line' id='line_1_33' title="bbox 316 3983 1308 4075; baseline 0.007 -16"><span class='ocrx_word' id='word_1_214' title='bbox 316 3983 464 4059; x_wconf 80' lang='lat' dir='ltr'>Certum</span> <span class='ocrx_word' id='word_1_215' title='bbox 486 3985 622 4075; x_wconf 85' lang='lat' dir='ltr'>insuper</span> <span class='ocrx_word' id='word_1_216' title='bbox 641 3991 710 4070; x_wconf 83' lang='lat' dir='ltr'>esi,</span> <span class='ocrx_word' id='word_1_217' title='bbox 727 3994 818 4066; x_wconf 79' lang='lat' dir='ltr'>circa</span> <span class='ocrx_word' id='word_1_218' title='bbox 837 3990 1052 4066; x_wconf 70' lang='lat' dir='ltr'>matrimonii</span> <span class='ocrx_word' id='word_1_219' title='bbox 1071 3985 1308 4070; x_wconf 81' lang='lat' dir='ltr'>inpedimen-</span> 
     </span>
     <span class='ocr_line' id='line_1_34' title="bbox 270 4089 1309 4176; baseline 0.009 -19"><span class='ocrx_word' id='word_1_220' title='bbox 270 4099 308 4157; x_wconf 91' lang='lat' dir='ltr'>ta</span> <span class='ocrx_word' id='word_1_221' title='bbox 344 4104 475 4159; x_wconf 78' lang='lat' dir='ltr'>naturae</span> <span class='ocrx_word' id='word_1_222' title='bbox 494 4089 568 4176; x_wconf 82' lang='lat' dir='ltr'>iure</span> <span class='ocrx_word' id='word_1_223' title='bbox 591 4089 812 4165; x_wconf 71' lang='lat' dir='ltr'>trinodum,</span> <span class='ocrx_word' id='word_1_224' title='bbox 840 4094 1018 4165; x_wconf 83' lang='lat' dir='ltr'>nerninem</span> <span class='ocrx_word' id='word_1_225' title='bbox 1038 4091 1246 4168; x_wconf 76' lang='lat' dir='ltr'>homiuum.</span> <span class='ocrx_word' id='word_1_226' title='bbox 1264 4112 1309 4166; x_wconf 85' lang='lat' dir='ltr'>ne</span> 
     </span>
     <span class='ocr_line' id='line_1_35' title="bbox 268 4182 1306 4284; baseline 0.005 -28"><span class='ocrx_word' id='word_1_227' title='bbox 268 4182 444 4257; x_wconf 84' lang='lat' dir='ltr'>summum</span> <span class='ocrx_word' id='word_1_228' title='bbox 473 4186 617 4276; x_wconf 82' lang='lat' dir='ltr'>quidem</span> <span class='ocrx_word' id='word_1_229' title='bbox 638 4188 846 4267; x_wconf 83' lang='lat' dir='ltr'>Pontificem</span> <span class='ocrx_word' id='word_1_230' title='bbox 865 4188 1056 4282; x_wconf 79' lang='lat' dir='ltr'>dispensare</span> <span class='ocrx_word' id='word_1_231' title='bbox 1068 4182 1185 4284; x_wconf 88' lang='lat' dir='ltr'>polle,</span> <span class='ocrx_word' id='word_1_232' title='bbox 1205 4211 1237 4258; x_wconf 84' lang='lat' dir='ltr'>v.</span> <span class='ocrx_word' id='word_1_233' title='bbox 1249 4210 1306 4282; x_wconf 83' lang='lat' dir='ltr'>gr.</span> 
     </span>
     <span class='ocr_line' id='line_1_36' title="bbox 268 4283 1311 4373; baseline 0.003 -16"><span class='ocrx_word' id='word_1_234' title='bbox 268 4297 311 4357; x_wconf 90' lang='lat' dir='ltr'>ut</span> <span class='ocrx_word' id='word_1_235' title='bbox 330 4285 418 4355; x_wconf 87' lang='lat' dir='ltr'>inter</span> <span class='ocrx_word' id='word_1_236' title='bbox 439 4283 559 4361; x_wconf 86' lang='lat' dir='ltr'>fratres</span> <span class='ocrx_word' id='word_1_237' title='bbox 581 4344 591 4373; x_wconf 89' lang='lat'>,</span> <span class='ocrx_word' id='word_1_238' title='bbox 617 4291 651 4361; x_wconf 78' lang='lat' dir='ltr'>da</span> <span class='ocrx_word' id='word_1_239' title='bbox 675 4294 811 4365; x_wconf 89' lang='lat' dir='ltr'>sorores</span> <span class='ocrx_word' id='word_1_240' title='bbox 831 4293 1098 4366; x_wconf 78' lang='lat' dir='ltr'>matrimonium</span> <span class='ocrx_word' id='word_1_241' title='bbox 1122 4289 1311 4364; x_wconf 77' lang='lat' dir='ltr'>contraha-</span> 
     </span>
    </p>
   </div>
   <div class='ocr_carea' id='block_1_12' title="bbox 268 4378 1309 4586">
    <p class='ocr_par' dir='ltr' id='par_1_12' title="bbox 268 4378 1309 4586">
     <span class='ocr_line' id='line_1_37' title="bbox 268 4378 1309 4491; baseline 0.007 -37"><span class='ocrx_word' id='word_1_242' title='bbox 268 4396 338 4454; x_wconf 81' lang='lat' dir='ltr'>tur·</span> <span class='ocrx_word' id='word_1_243' title='bbox 368 4378 467 4458; x_wconf 81' lang='lat' dir='ltr'>Hanc</span> <span class='ocrx_word' id='word_1_244' title='bbox 498 4389 592 4460; x_wconf 89' lang='lat' dir='ltr'>enim</span> <span class='ocrx_word' id='word_1_245' title='bbox 619 4385 778 4466; x_wconf 73' lang='lat' dir='ltr'>Ecclesiae</span> <span class='ocrx_word' id='word_1_246' title='bbox 811 4390 878 4467; x_wconf 80' lang='lat' dir='ltr'>suae</span> <span class='ocrx_word' id='word_1_247' title='bbox 910 4388 1122 4491; x_wconf 86' lang='lat' dir='ltr'>potestatem</span> <span class='ocrx_word' id='word_1_248' title='bbox 1150 4387 1309 4462; x_wconf 71' lang='lat' dir='ltr'>Cirriitua</span> 
     </span>
     <span class='ocr_line' id='line_1_38' title="bbox 268 4476 1291 4586; baseline 0.014 -29"><span class='ocrx_word' id='word_1_249' title='bbox 268 4476 453 4557; x_wconf 87' lang='lat' dir='ltr'>Dominus</span> <span class='ocrx_word' id='word_1_250' title='bbox 478 4508 553 4559; x_wconf 87' lang='lat' dir='ltr'>non</span> <span class='ocrx_word' id='word_1_251' title='bbox 579 4487 733 4586; x_wconf 80' lang='lat' dir='ltr'>reliquit·</span> <span class='ocrx_word' id='word_1_252' title='bbox 1288 4533 1291 4538; x_wconf 92' lang='lat'>·</span> 
     </span>
    </p>
   </div>
   <div class='ocr_carea' id='block_1_13' title="bbox 317 4551 1280 4701">
    <p class='ocr_par' dir='ltr' id='par_1_13' title="bbox 317 4551 1280 4701">
     <span class='ocr_line' id='line_1_39' title="bbox 317 4551 1280 4701; baseline 0.009 -14"><span class='ocrx_word' id='word_1_253' title='bbox 317 4613 413 4689; x_wconf 76' lang='lat' dir='ltr'>Tan.</span> <span class='ocrx_word' id='word_1_254' title='bbox 428 4615 489 4692; x_wconf 86' lang='lat' dir='ltr'>VI.</span> <span class='ocrx_word' id='word_1_255' title='bbox 795 4613 839 4701; x_wconf 80' lang='lat' dir='ltr'>X</span> <span class='ocrx_word' id='word_1_256' title='bbox 1161 4612 1196 4698; x_wconf 87' lang='lat' dir='ltr'>R</span> <span class='ocrx_word' id='word_1_257' title='bbox 1222 4551 1280 4696; x_wconf 75' lang='lat' dir='ltr'>ll·¹</span> 
     </span>
    </p>
   </div>
   <div class='ocr_carea' id='block_1_14' title="bbox 0 0 1855 5425">
    <p class='ocr_par' dir='ltr' id='par_1_14' title="bbox 0 0 1855 5425">
     <span class='ocr_line' id='line_1_40' title="bbox 0 0 1855 5425; baseline 0 0"><span class='ocrx_word' id='word_1_258' title='bbox 0 0 1855 5425; x_wconf 95' lang='lat' dir='ltr'> </span> 
     </span>
    </p>
   </div>
  </div>
 </body>
</html>
