3700 5425
306 646 330 698 a
502 558 588 666 '472
698 544 853 651 Theoi.
876 556 991 671 Dog.
1010 560 1053 651 &
1075 555 1228 656 Moral.
1249 554 1433 653 Linllt.

297 732 344 827 ¹³!
364 754 448 831 pen.
497 739 578 807 tuna
601 726 807 825 expendent
823 730 965 823 ncreg.
987 725 1046 805 lib.
1065 744 1128 817 at.
1149 729 1349 814 Monetium,
1370 750 1450 827 cap.
1481 746 1545 814 ιι.

296 826 433 927 Q·
499 825 630 924 triplex
642 831 779 926 peccati
801 848 936 924 genua.
951 826 996 905 de
1014 850 1092 927 quo
1114 831 1280 927 agimus,
1307 828 1354 907 iic
1374 832 1542 931 explicat.

493 983 552 1021 Μ,
580 924 769 1007 Peccatum
800 932 910 1005 tribua
929 927 1046 1004 modia
1068 932 1315 1007 committitur.
1353 930 1448 1008 Nam
1479 949 1543 1013 aut

491 1028 719 1124 ignorantia,
740 1040 804 1106 aut
825 1026 1050 1110 infirmitate.
1070 1046 1130 1107 aut
1153 1028 1270 1107 studio
1293 1048 1540 1128 perpetratur.

490 1126 531 1205 &
552 1131 692 1225 gravina
726 1124 873 1228 quidem
899 1128 1132 1217 infirmitate,
1158 1126 1265 1227 q'uana
1311 1133 1541 1227 ignotantia;

488 1226 549 1304 fed
565 1226 834 1325 muttogeavine
855 1227 989 1314 studio,
1013 1251 1119 1323 quam
1139 1226 1340 1306 infirmitate
1354 1252 1538 1324 peccatur.

487 1321 696 1425 Ignorantia
713 1325 839 1405 Paulus
855 1342 1071 1424 peccaverat.
1085 1376 1117 1408 ..
1135 1325 1259 1406 Petrua
1272 1350 1358 1405 veto
1386 1329 1537 1409 infirmi-

488 1438 562 1503 tate
577 1429 738 1528 peccavit
750 1474 761 1506 t
772 1426 919 1524 quando
937 1431 973 1503 in
994 1448 1040 1503 eo
1062 1451 1171 1505 omne
1188 1429 1295 1506 robur
1310 1426 1412 1514 fidei.
1429 1430 1534 1530 quod

487 1519 658 1607 Domino
674 1526 887 1626 perhibuit,
916 1550 986 1603 una
1005 1548 1080 1603 vox
1107 1526 1231 1625 puettae
1254 1527 1459 1617 contullit,
1492 1533 1534 1608 δι

486 1618 611 1707 Deum
630 1682 641 1712 .
666 1649 774 1726 quem
794 1624 906 1702 corde
932 1628 1047 1705 tenuit
1069 1681 1081 1713 .
1103 1650 1193 1704 voce
1216 1629 1420 1723 denegavit.
1438 1698 1442 1713 ,
1460 1626 1533 1711 Sed

487 1729 570 1821 quia
599 1725 808 1804 infirmitatis
835 1716 940 1821 culpa
964 1779 973 1809 .
997 1727 1053 1803 vei
1078 1729 1287 1825 ignorantiae
1318 1752 1363 1804 eo
1389 1729 1525 1808 facilia·

485 1828 660 1945 tergitur..
682 1850 759 1943 qun
774 1847 849 1901 non
872 1825 1001 1941 studio·
1018 1845 1261 1922 perpetratur,
1280 1823 1430 1910 Panas,
1449 1852 1531 1927 qun

484 1924 1065 2140 'tzaatttaitttttn
1080 1925 1526 2126 attentant

499 2124 656 2206 olidavit.
682 2122 737 2203 Ex
751 2123 916 2203 industria
938 2147 1024 2202 aeto
1044 2146 1281 2221 peccaverunt
1302 2130 1325 2202 ii
1350 2179 1360 2212 ,
1383 2131 1428 2205 de
1445 2132 1526 2225 qui.

200 2239 210 2252 “
280 2192 365 2269 ¹⁰²²·
381 2212 427 2276 ¹5·
479 2224 546 2305 but
568 2224 639 2322 ipse
664 2249 726 2322 per
759 2223 792 2301 se
814 2224 977 2321 magistet
1008 2225 1172 2304 dicebat:
1195 2233 1232 2297 Sa·
1250 2251 1313 2296 etan
1344 2226 1525 2316 ventilem,

478 2328 521 2399 θ
536 2326 662 2397 locutus
681 2319 810 2414 fuiffem
824 2333 872 2393 et'a
883 2367 895 2403 ‚
904 2342 1072 2418 peccatam
1092 2350 1156 2395 nan
1176 2323 1354 2419 haberem
1368 2351 1450 2396 nunc
1465 2353 1527 2397 aa·

477 2443 544 2498 tent
566 2421 802 2509 excusationem
819 2447 880 2493 nan
909 2420 1026 2494 hahent
1041 2428 1080 2494 de
1095 2445 1231 2519 peccato
1248 2424 1320 2513 sue.
1347 2428 1450 2505 Aiiud
1471 2428 1524 2508 est

477 2529 574 2604 enim
597 2529 690 2603 bona
719 2548 793 2601 non
822 2523 961 2607 facete,
983 2522 1076 2603 aliud
1098 2527 1281 2604 bonorum
1303 2524 1413 2603 odiffe
1435 2527 1519 2605 Dn-

476 2626 632 2721 tiotan13
654 2625 742 2701 ficut
758 2623 852 2699 aliud
872 2623 922 2699 est
940 2628 1243 2724 praecipitatione,
1270 2627 1363 2704 aiiuti
1388 2627 1524 2705 delibe-

306 2769 316 2780 ··
472 2731 612 2807 tatione
634 2744 804 2823 peccaret
819 2722 1012 2822 saepeenim
1029 2744 1216 2822 peccatum
1238 2731 1520 2827 precipitatione

471 2829 844 2924 committiturtquod
865 2842 983 2901 tamen
1006 2825 1176 2912 consilio,
1201 2831 1238 2904 tie
1264 2828 1519 2907 deliberatione

472 2927 674 3004 dananatut·
697 2922 750 3001 Ex
759 2923 962 3022 infirmitate
973 2930 1068 3000 enim
1093 2926 1305 3029 pietamque
1325 2929 1519 3007 soletacci·

470 3027 556 3104 dere
582 3049 698 3103 amate
720 3024 954 3109 bonum,ied
973 3024 1119 3121 implete
1143 3051 1218 3104 uon
1242 3024 1352 3125 poffe.
1380 3025 1434 3106 Ex
1447 3030 1518 3107 tiu·

470 3124 534 3204 dio
553 3148 639 3205 vero
660 3147 828 3222 peccare·
846 3122 895 3200 est
914 3124 1053 3201 bonum
1072 3149 1140 3203 nec
1155 3127 1367 3207 iacetetnec
1385 3151 1516 3205 amate.

470 3223 573 3304 Sicut
591 3249 679 3321 ergo
706 3246 966 3322 nonnunquam
993 3230 1134 3323 gravius
1150 3226 1200 3303 est
1224 3247 1412 3322 peccatum
1435 3228 1515 3304 diii.

469 3350 575 3424 gere,
593 3348 699 3421 quam
729 3342 952 3422 perpetrate3
969 3324 1017 3400 ita
1041 3328 1192 3424 nequius
1218 3327 1266 3404 est
1290 3325 1400 3405 odiise
1415 3329 1512 3421 justi·

467 3429 574 3511 tiam.
590 3448 698 3523 quana
713 3446 789 3499 non
806 3420 930 3499 i'eciffe
973 3424 1064 3501 Sunt
1085 3450 1174 3523 ergo
1201 3427 1366 3506 nonnulii
1391 3431 1427 3504 in
1447 3426 1513 3506 Ec·

465 3524 587 3611 cleia,
603 3528 665 3622 qui
683 3545 758 3598 non
775 3520 888 3601 solum
913 3523 1009 3598 bona
1035 3547 1109 3600 non
1126 3528 1261 3603 faciunt
1289 3575 1300 3610 ,
1325 3529 1382 3604 ied
1403 3532 1513 3625 etiana
1551 3539 1554 3546 '

462 3623 721 3724 persequuntur
736 3648 747 3715 ;
762 3624 798 3697 ἃ
812 3644 892 3720 quae
910 3620 973 3718 ipsa
992 3621 1108 3699 facete
1127 3623 1316 3724 negligunt
1328 3681 1338 3714 ‚
1351 3630 1456 3704 etiam
1471 3633 1509 3703 in

460 3725 533 3802 aliis
557 3724 796 3805 detestantur.
833 3721 966 3799 horum
997 3739 1185 3816 peccatum
1206 3726 1334 3803 scilicet
1360 3750 1436 3803 non
1460 3750 1509 3805 ex

457 3822 682 3914 infirmitate,
708 3820 763 3896 vei
787 3823 1005 3917 ignorantia,
1030 3821 1086 3900 sed
1110 3849 1157 3902 ex
1184 3826 1260 3903 solo
1292 3824 1408 3904 studio
1427 3849 1508 3921 pet-

457 3924 733 4022 petraturaquia
756 3921 918 3998 videlicet
943 3921 968 3998 fi
989 3923 1119 4002 veilent
1140 3928 1284 4024 impiere
1302 3931 1394 4004 bona
1409 3979 1420 4010 ‚
1433 3949 1503 4003 nea

457 4040 577 4103 tamen
596 4018 754 4119 poiient.
773 4046 838 4097 ea.
868 4044 949 4119 quae
974 4024 1009 4097 in
1029 4020 1063 4098 se
1082 4026 1297 4123 negligunt,
1324 4025 1443 4108 saitem
1465 4030 1504 4104 in

454 4125 525 4200 aiiii
545 4138 714 4202 amarent.
741 4123 776 4197 Si
798 4125 894 4196 enim
918 4145 957 4198 ea
981 4121 1043 4215 ipii
1061 4123 1114 4197 vei
1140 4123 1217 4202 snio
1235 4141 1326 4201 voto
1354 4144 1504 4223 appete·

454 4238 560 4302 tent,
580 4221 664 4298 satia
689 4222 733 4297 ab
751 4222 824 4296 aiiia
849 4244 924 4294 non
946 4217 1117 4313 odiffent3
1138 4222 1194 4298 sed
1214 4227 1295 4318 quia
1328 4228 1424 4302 bona
1446 4251 1502 4302 ea·

454 4321 537 4400 dena
557 4320 737 4397 audiendo
754 4317 999 4415 cognoscunt,
1014 4323 1168 4398 vivendo
1186 4323 1410 4419 despiciunt.
1430 4331 1508 4401 ani.

452 4423 711 4501 madvertendo
734 4420 827 4512 petie
857 4436 989 4495 utantur
1002 4471 1010 4493 ‚
1022 4420 1250 4500 retiedicitut
1265 4421 1370 4520 :Q
1388 4446 1431 4495 ex
1450 4429 1503 4493 in·

451 4518 575 4607 tulitin
593 4514 785 4611 retefferunt
879 4539 926 4596 ao.
959 4516 1063 4599 Unde
1086 4520 1124 4598 ἀ
1145 4537 1228 4625 apte
1245 4522 1470 4622 subjungitur
1488 4547 1499 4600 :

1432 4641 1448 4695 t
