3700 5425
500 686 503 693 Ι
571 593 654 685 512
709 566 1014 683 ·TlreoL·Dog.
1039 570 1081 659 δι
1107 567 1260 679 Morti.
1288 568 1383 669 Lib.
1399 565 1475 663 ΙΙΙ.

619 741 661 821 ld
677 738 1086 828 confirmaturam,
1109 761 1140 814 1·
1156 760 1190 817 2.
1204 765 1239 841 q.
1265 760 1316 836 ¹4
1335 756 1398 819 art·
1416 756 1450 838 ς.
1462 745 1524 823 uhi
1536 741 1607 825 do.

570 859 649 921 eet.
662 843 883 920 uoluntatem
894 860 980 919 cum
993 841 1150 919 ratione.
1168 841 1222 919 vei
1235 839 1448 920 conscientia
1464 862 1603 924 errante

569 943 813 1026 concordem,
824 936 891 1017 effe
907 937 1035 1015 maiam
1052 934 1174 1038 aliquo
1201 940 1315 1016 modo
1333 961 1479 1040 propter
1505 944 1610 1039 objer·

367 1066 369 1073 ·
443 1110 446 1115 ⁴
542 1054 546 1070 ²
570 1042 689 1124 dum,
722 1041 823 1138 quod
837 1062 921 1119 cum
936 1062 956 1115 a
972 1041 1108 1116 ratione
1122 1056 1367 1137 proponetur.
1388 1059 1428 1120 ut
1444 1043 1603 1131 mamm,

599 1164 652 1219 uae
666 1144 701 1217 in
714 1139 800 1217 iilud
812 1138 921 1215 fertur
933 1136 994 1215 sub
1006 1160 1045 1213 ea
1057 1142 1191 1216 ratione
1206 1140 1530 1237 voiuntaaperversr
1541 1143 1605 1232 eii,

569 1165 734 1336 {templi
749 1237 870 1332 oruia3
889 1240 1026 1315 bonum
1039 1238 1089 1315 est
1117 1238 1319 1316 abstinerea
1344 1238 1606 1321 fornicationeu

569 1357 607 1418 at
627 1336 841 1417 iivolunrati
852 1353 1097 1433 proponatur,
1114 1351 1154 1415 ut
1166 1337 1325 1414 uraluma
1341 1344 1476 1417 rarione
1487 1364 1608 1421 erran·

570 1458 632 1525 te.
650 1440 687 1516 io
704 1437 739 1513 id
756 1435 865 1514 fertur
883 1436 1048 1514 voluntas
1070 1435 1131 1519 sub
1155 1441 1291 1514 ratione
1308 1440 1389 1515 mali
1410 1488 1421 1524 ‚
1441 1440 1607 1540 adeoque

570 1537 663 1616 mala
686 1537 757 1620 ert,
779 1538 815 1612 ἃ
836 1534 1003 1633 perversa·
1029 1536 1193 1629 Similiter
1214 1537 1356 1614 credere
1371 1548 1407 1614 in
1424 1538 1605 1618 Christum

571 1637 622 1716 est
636 1635 741 1731 perse
754 1638 913 1721 bonum.
931 1634 968 1709 de
980 1632 1259 1713 neceffariumad
1279 1635 1446 1720 salutem,
1460 1638 1518 1714 sed
1541 1637 1607 1719 sre

569 1739 715 1915 {ationet
719 1750 946 1908 proponatur
952 1735 1156 1912 t{ttdmagucm
1167 1735 1353 1910 ‚droluntae
1366 1740 1402 1911 ig
1405 1736 1609 1914 omnifetie}

590 1859 698 1919 ur.-u
738 1858 925 1926 meum„
986 1857 1056 1911 ue
1095 1857 1371 1933 renumque
1433 1860 1587 1930 mprre

569 1989 595 2033 „
610 1936 727 2011 omnis
738 1931 900 2011 voluntat
916 1931 1120 2012 discordans
1130 1959 1149 2009 a
1161 1937 1316 2018 ratione,
1333 1932 1403 2012 {ive
1413 1938 1502 2013 reeta
1513 1978 1523 2013 r
1535 1934 1608 2015 fiee

570 2089 595 2129 „
615 2052 772 2119 errante.
785 2032 978 2130 semperest
990 2031 1080 2110 maia
1094 2077 1126 2127 „·
1140 2030 1313 2127 Quamuis
1325 2037 1420 2110 enim
1432 2036 1607 2130 judicium

570 2135 717 2211 rationis
737 2141 880 2209 errantis
903 2156 978 2209 nun
999 2135 1207 2211 derivetura
1227 2130 1309 2211 Deo
1323 2183 1334 2218 ,
1347 2190 1369 2226 ‚,
1384 2134 1522 2214 Tamen
1548 2159 1605 2211 rr·

417 2296 420 2300 .
501 2312 504 2321 ,
571 2287 596 2327 ,,
614 2234 665 2309 tio
678 2254 794 2308 errans
807 2232 979 2329 iudicium
1004 2231 1105 2310 suum
1131 2238 1323 2331 proponit,
1345 2250 1385 2312 ut
1409 2257 1550 2321 veruna,
1567 2236 1606 2312 dt

570 2385 594 2426 „
607 2354 669 2426 per
680 2332 921 2431 consequens,
936 2344 1006 2409 uta
1017 2330 1099 2409 Deo
1111 2331 1324 2417 derivarunt,
1344 2356 1451 2431 aquo
1465 2334 1607 2411 estom-

570 2435 663 2526 '„nir
679 2434 803 2508 veritae
824 2481 860 2523 „.
878 2428 1053 2529 Equidem
1072 2430 1098 2507 u
1116 2434 1172 2509 cui
1192 2431 1407 2529 perspeiium
1434 2430 1538 2520 effer,
1562 2453 1608 2511 ae

571 2531 799 2626 exploratum
822 2534 996 2608 rationem
1013 2529 1206 2608 humanam
1225 2531 1353 2608 dietate
1370 2532 1500 2632 aliquid
1514 2555 1605 2609 con·

570 2644 623 2706 tra
645 2647 858 2728 praeueptum
871 2626 939 2706 Dei
953 2679 964 2715 ,
976 2686 997 2724 „
1009 2628 1097 2707 Non
1113 2647 1289 2708 teneretur
1308 2634 1480 2709 rationem
1497 2630 1608 2729 sequi.

569 2729 677 2824 „Sed
694 2748 779 2807 tunc
793 2734 882 2806 ratio
896 2753 973 2806 non
987 2727 1142 2808 ruraliter
1156 2728 1238 2807 effer
1259 2749 1398 2820 erraur;
1412 2731 1469 2808 sed
1492 2754 1604 2828 quan·

570 2830 653 2922 „do
681 2832 771 2906 ratio
792 2854 908 2908 errant
932 2835 1105 2927 proponit
1129 2829 1258 2928 aliquid
1282 2886 1292 2917 ,
1315 2849 1356 2908 ut
1385 2847 1605 2930 preceptum

569 2984 593 3022 ,‚
613 2926 702 3015 Dei,
714 2948 802 3006 tunc
818 2930 911 3005 idem
924 2932 974 3005 est
994 2941 1225 3009 contemnere
1242 2929 1415 3008 didamen
1428 2935 1572 3010 ratiouir
1590 2976 1604 3013 ι

570 3031 645 3123 ‚,&
668 3027 734 3105 Dei
750 3049 967 3129 praeceptum
989 3078 1024 3122 „-

620 3126 917 3205 Idemconiinnat
932 3127 1156 3224 Quodlibeto
1173 3121 1206 3202 8·
1219 3143 1281 3205 art·
1301 3144 1358 3221 13·
1370 3184 1393 3219 ‚,
1406 3184 1428 3221 „
1447 3126 1602 3207 Duobue

568 3227 688 3303 modis
709 3222 1005 3324 (mqrumnquis
1028 3231 1072 3303 ad
1098 3241 1282 3332 peccatum
1310 3230 1510 3324 obligatum
1526 3253 1604 3306 uuo

568 3330 684 3402 modo
697 3326 858 3404 faciendo
878 3347 1002 3405 contra
1015 3327 1131 3425 iegern
1154 3373 1164 3403 r
1188 3346 1228 3404 ut
1248 3351 1332 3404 cum
1355 3329 1477 3426 aliquio
1492 3329 1604 3404 iorni·

569 3443 667 3501 catur
692 3445 704 3516 ;
734 3428 802 3503 alio
829 3429 943 3504 modo
971 3427 1133 3504 faciendo
1170 3445 1295 3505 eontra
1326 3425 1599 3514 conscientiam.

568 3526 699 3600 etiamii
722 3549 795 3602 non
818 3527 860 3603 fit
884 3545 1009 3603 contra
1032 3528 1147 3623 legem
1171 3547 1183 3612 ς
1209 3525 1297 3604 srcot
1325 3525 1349 3601 ii
1388 3528 1603 3604 conscientia

438 3659 442 3667 ·
567 3624 673 3700 ditlat
692 3626 819 3702 alicui·
845 3624 945 3723 quod
962 3627 1074 3703 levare
1093 3625 1260 3704 festucam
1285 3623 1329 3702 de
1344 3642 1432 3703 terra
1458 3625 1499 3702 iit
1519 3648 1602 3722 pec·

566 3743 686 3799 catum
707 3725 865 3801 mortale.
890 3722 1168 3803 Erconscientia
1194 3740 1312 3801 autem
1330 3726 1506 3825 obligatur
1519 3727 1601 3823 qru‘e

566 3824 612 3898 ad
636 3842 838 3917 peccatum,
859 3823 929 3902 srve
956 3826 1081 3903 habeat
1103 3840 1234 3900 certam
1257 3821 1365 3900 iidem
1389 3827 1432 3900 de
1454 3842 1597 3909 contra·

565 3924 622 3995 rio
648 3924 722 4017 ejuu
739 3969 746 3996 ‚
762 3923 861 4020 quod
892 3926 965 4023 agit
985 3980 996 4009 ‚
1021 3923 1090 3999 stre
1110 3923 1215 3999 etiam
1245 3922 1370 4000 habeat
1389 3925 1601 4021 opinionem

565 4043 649 4097 cunt
668 4022 783 4118 aliqua
812 4024 1044 4102 dubitatione·
1069 4021 1159 4099 liiud
1185 4026 1327 4111 autem,
1351 4024 1450 4121 quud
1478 4025 1598 4119 agitur

565 4138 692 4197 contra
717 4123 856 4217 legem,
875 4122 1008 4219 semper
1028 4122 1077 4201 est
1097 4121 1250 4209 malunt,
1264 4146 1330 4199 nec
1340 4121 1523 4200 excusatur
1535 4144 1600 4218 per

563 4215 659 4303 hoc,
675 4224 775 4319 quod
786 4222 835 4297 est
854 4220 1051 4300 secundum*
1067 4221 1317 4298 conscientiam
1333 4243 1345 4313 ;
1362 4228 1398 4299 dr
1418 4221 1597 4306 limiiiter.

563 4316 665 4412 quod
687 4319 734 4394 est
756 4327 882 4396 eontra
904 4321 1153 4397 conscientiam
1177 4319 1377 4400 ciimalum
1399 4369 1411 4406 2
1437 4324 1603 4418 quamria

563 4439 640 4491 non
657 4415 697 4492 iit
716 4436 841 4503 contra
862 4418 999 4517 legem,
1018 4417 1119 4518 quod
1131 4439 1251 4496 auteur
1273 4443 1341 4498 nec
1359 4442 1485 4499 contra
1508 4443 1602 4496 cun·

555 4513 759 4626 incurram,
777 4535 981 4628 oecoonrra
1001 4517 1121 4619 legem
1141 4515 1209 4612 est,
1226 4544 1303 4601 oon
1324 4521 1374 4600 est
1396 4534 1601 4620 peceatum·

1343 4711 1347 4719 ,
1480 4611 1549 4699 ur.
