3700 5425
443 561 512 656 De
536 561 804 653 &aeramento
833 556 1111 655 Matrimonia
1224 565 1305 674 367

253 788 261 833 ζ
306 737 339 806 8.
352 731 468 806 inan.
485 737 521 809 in
533 752 568 824 4.
582 735 823 805 Sententiarum
838 790 848 822 ,
866 734 943 811 dist.
959 753 1015 822 32.
1035 734 1211 837 quasin.
1237 752 1305 821 ert,

256 852 293 912 α.
306 836 522 933 Quaestione.
537 851 570 903 2.
580 837 734 926 priorem
749 831 894 931 Regulae
907 833 1050 929 huiusce
1071 837 1212 913 moralis
1222 858 1304 933 pnr-

256 955 331 1013 tem
353 933 553 1014 confirmat.
578 986 601 1024 „
616 991 637 1023 „
657 934 835 1011 Accedere
858 930 995 1027 (inquit
1006 930 1031 1019 l·
1042 936 1085 1010 ad
1111 936 1305 1013 menstrua·

255 1051 354 1119 tam,
371 1039 405 1107 in
427 1035 505 1130 lege
535 1030 756 1126 prohibitum
790 1052 864 1110 erat
883 1033 1016 1129 duplici
1037 1038 1200 1116 rationel
1225 1051 1304 1113 tenu

257 1152 407 1236 propter
437 1131 721 1225 immunditiam
738 1148 815 1209 tum
843 1149 991 1231 propter
1013 1151 1302 1221 nocumentum,

256 1234 359 1349 quod
372 1236 408 1308 in
420 1232 522 1331 prole
538 1254 585 1308 ex
599 1230 799 1326 hujusmodi
827 1233 1080 1309 commistione
1100 1233 1303 1331 frequentet

256 1336 487 1433 lequebatur;
506 1332 542 1406 de
560 1333 680 1429 quoad
694 1335 869 1431 primum,
883 1348 1100 1431 preceptum
1112 1351 1185 1410 erut
1196 1354 1303 1409 caere·

211 1430 215 1441 ’
256 1431 690 1529 moniale;sedquantum
718 1432 762 1507 ad
789 1432 1016 1516 secundum,
1042 1449 1117 1509 erun
1142 1431 1300 1521 morale3

258 1538 342 1631 quia
366 1555 449 1608 cum
473 1533 740 1607 matrimonium
763 1528 804 1607 fit
827 1530 869 1606 ad
899 1533 1036 1607 bonum
1065 1531 1173 1626 prolir
1199 1534 1298 1627 prin.
1359 1560 1364 1569 ·

256 1633 414 1728 cipallter
444 1630 686 1715 ordinatum,
723 1632 904 1707 ordinatus
943 1630 992 1707 eli
1025 1635 1145 1707 omnis
1176 1635 1297 1707 matri·

212 1756 215 1763 ·
255 1734 369 1808 monii
382 1728 471 1814 usus,
486 1754 561 1829 quo
576 1731 713 1806 bonum
729 1729 837 1823 prolis
847 1732 1042 1808 intenditur
1054 1750 1067 1819 ς
1079 1732 1115 1806 dr
1126 1730 1210 1806 ideo
1222 1728 1297 1809 hoo

258 1844 476 1928 praeceptum
507 1829 643 1925 obligor
660 1832 765 1904 etiam
788 1831 824 1905 in
843 1850 936 1903 nona
954 1827 1051 1926 Lege
1079 1844 1226 1927 propter
1247 1828 1298 1905 ie·

257 1929 413 2007 cundum
430 1933 604 2005 rationem
622 1984 631 2010 .
651 1928 711 2002 etii
735 1953 809 2003 non
826 1944 972 2025 propter
990 1932 1154 2027 primum.
1182 1932 1228 1999 Er
1240 1932 1296 1998 in·

253 2026 334 2120 fro:
355 2027 515 2122 Quando
537 2027 737 2104 naturaiiter
760 2025 885 2103 mulier
905 2031 1035 2122 patitur
1056 2019 1173 2106 fluxus
1195 2051 1299 2106 men·

258 2130 461 2209 lituorum,
484 2128 600 2225 potest
622 2130 811 2219 concipere
834 2149 846 2207 r
871 2128 906 2203 de
933 2130 1061 2205 iterum
1082 2129 1157 2206 tulit
1176 2126 1296 2206 fluxus

257 2252 337 2305 non
357 2228 479 2312 durat,
505 2227 565 2302 nili
588 2226 632 2302 ad
660 2231 843 2303 modicum
870 2245 1010 2324 tempus
1031 2249 1044 2318 3
1066 2220 1297 2325 undeprohio
1423 2254 1451 2279 ··

259 2330 376 2406 bitum
399 2327 503 2404 estad
523 2327 628 2404 talem
641 2325 830 2417 recedere3
848 2328 882 2402 δι
900 2326 1053 2404 similiter
1073 2328 1297 2424 prohibitum

260 2428 312 2505 est
335 2426 469 2502 mulieri
494 2430 528 2501 in
550 2427 608 2503 tali
629 2423 730 2502 fluxu
752 2425 912 2503 debitum
936 2442 1056 2524 petere
1073 2470 1143 2519 „‚,.

310 2524 353 2603 In
365 2525 600 2604 Poenitentiali
612 2523 813 2596 Venerabilis
823 2530 927 2606 Beda,
943 2550 1022 2627 cap,
1037 2539 1072 2599 2.
1086 2531 1139 2599 De
1150 2528 1306 2601 fumica.

260 2629 370 2712 tione,
385 2629 528 2724 triginta
550 2627 688 2703 dierum
701 2629 911 2724 poenitentia
935 2627 980 2703 iili
1007 2630 1224 2722 imponitur,
1239 2630 1304 2729 qui

260 2729 307 2807 nd
336 2748 487 2804 uxorem
512 2745 673 2821 tempore
691 2729 855 2803 menstrui
879 2727 995 2803 liuxns
1021 2722 1209 2808 acceiierit·

314 2826 458 2921 Regula
477 2845 612 2921 partem
628 2826 770 2902 alteram
792 2829 935 2903 adstruit
957 2833 988 2900 S.
1001 2827 1117 2898 Tirorn.
1134 2830 1252 2924 quest.
1267 2846 1304 2921 30

263 2982 322 3019 ,‚‚,
348 2925 528 3003 Dixerunt
555 2926 700 3020 quidam
727 2929 744 3019 (
758 2927 895 3019 inquit)
917 2926 1019 3022 quod
1049 2927 1173 3004 mulier
1202 2952 1303 3004 men·

264 3028 391 3103 llruata
415 3025 502 3102 ficut
526 3051 599 3099 non
620 3028 725 3101 debet
746 3042 864 3123 petere
883 3025 1063 3114 debitunt,
1077 3031 1124 3103 ita
1145 3052 1211 3103 nec
1224 3030 1304 3103 red·

265 3129 369 3217 dere3
391 3125 478 3201 ficut
501 3127 596 3199 enim
621 3148 696 3200 non
723 3142 901 3201 teneretur
922 3123 1093 3201 reddere,
1117 3127 1304 3202 sthaberet

265 3226 503 3301 infirmitatem
526 3230 560 3298 in
585 3228 727 3323 propria
752 3225 923 3321 pedona,
946 3249 992 3301 ex
1017 3250 1086 3324 qua
1105 3227 1303 3322 periculum

267 3331 299 3400 ei
320 3328 539 3411 immineret,
559 3330 605 3401 ita
628 3350 702 3399 non
720 3340 859 3399 tenetur
877 3323 1044 3407 reddere,
1059 3324 1102 3401 ad
1120 3327 1304 3402 vitandum

267 3427 464 3520 periculum
492 3426 626 3520 prolis;
653 3429 733 3520 quia
756 3423 780 3498 st
803 3426 926 3501 mulier
947 3423 1165 3510 infirmatur,
1187 3424 1305 3500 certis·

267 3524 396 3600 simum
422 3522 493 3608 est,
520 3529 619 3623 quod
641 3548 687 3601 ex
703 3526 829 3600 carnali
851 3524 928 3601 adu
955 3524 1151 3616 periculum
1180 3526 1212 3599 ei
1238 3499 1311 3602 inl

268 3628 501 3709 minet3110n
530 3641 648 3699 autem
674 3629 721 3700 ira
754 3644 892 3699 certum
922 3625 972 3700 eli
999 3624 1044 3699 de
1073 3623 1199 3717 prole,
1226 3648 1307 3720 quae

268 3724 363 3800 forte
382 3722 474 3796 nulla
496 3722 666 3817 sequetur.
698 3724 739 3800 Et
762 3724 843 3799 ideo
863 3726 918 3799 alii
937 3723 1084 3809 dicunt,-
1109 3723 1209 3820 quod
1229 3749 1309 3802 mu·
1371 3763 1373 3767 v

267 3823 344 3899 lieri
369 3823 586 3899 menstruate
611 3847 792 3921 nunquam
819 3824 902 3900 licet
929 3842 1048 3916 petere
1072 3823 1308 3904 debitumlfr

272 3939 390 4000 tamen
415 3926 466 3995 vir
495 3925 567 4011 elus
593 3941 712 4019 petat.
731 3940 792 3999 aut
817 3928 905 4019 petit
935 3926 1101 4006 scienter,
1122 3938 1182 3999 aut
1204 3927 1311 4018 igno·

272 4020 455 4111 tanter3i1
484 4026 571 4112 petit
602 4023 769 4103 scienter,
796 4039 882 4099 tunc
917 4022 1024 4098 debet
1051 4048 1134 4097 eum
1154 4041 1312 4100 avertero

274 4122 459 4217 precibus,
481 4122 516 4195 ie
540 4126 704 4207 monitis,
727 4141 844 4197 tamen
867 4126 1008 4199 nonita
1037 4117 1245 4205 efficaciter,
1270 4138 1312 4198 ut

276 4217 381 4317 polilt
400 4224 430 4294 ei
449 4218 515 4295 eise
537 4222 676 4297 occalio
700 4221 734 4296 in
758 4223 837 4296 alias
858 4221 1072 4303 damnabiles
1092 4222 1312 4316 corruptelae

275 4319 476 4405 incidendi,
502 4321 525 4395 st
547 4323 589 4397 ad
611 4325 645 4398 id
668 4345 804 4418 pronus
825 4321 987 4399 credatur
1024 4322 1059 4397 Si
1081 4337 1198 4397 nutem
1225 4325 1314 4414 petit

277 4423 483 4510 ignoranter
498 4470 508 4501 ‚
525 4437 612 4496 tunc
633 4423 757 4498 mulier
780 4421 895 4517 potest
914 4423 1066 4518 aliquam
1088 4419 1314 4496 occasionem

282 4519 524 4617 praetendere,
546 4521 601 4596 vel
626 4516 865 4598 infirmitatem
889 4522 1060 4619 allegare,
1079 4541 1124 4598 ne
1153 4519 1314 4598 debitum

321 4620 414 4702 Tum.
443 4619 517 4693 VI·
767 4619 843 4698 Aa
1190 4617 1268 4696 ted·
