3700 5425
424 542 495 637 De
527 510 797 663 Sacramento
820 547 1102 647 sisatrimonin‘
1223 565 1301 654 331

258 719 496 818 graviumque
516 717 731 796 damnorum
753 721 937 817 pericuso;
965 719 1137 818 siquidem
1158 713 1306 793 reserva·

259 826 314 897 tio
337 820 600 916 dispensationis
612 819 661 894 est
680 838 830 918 propter
856 821 1084 905 charitatem,
1102 822 1308 911 bonamque

261 920 456 996 christiane
503 921 704 1014 reipublicae
735 925 1069 1014 gubernationem,
1093 930 1308 1015 repugnaret

252 1039 384 1097 autem
407 1020 566 1093 charitati
579 1073 589 1103 ,
604 1023 640 1092 δι
653 1023 795 1116 optimo
814 1019 974 1097 Ecclesiae
995 1022 1181 1116 regimini,
1207 1015 1305 1092 Fide·

264 1121 315 1196 les
330 1123 417 1214 ,qui
436 1121 669 1194 matrimonio
691 1118 778 1194 vcurn
803 1121 924 1220 aliquo
943 1122 1203 1216 impedimento
1225 1119 1307 1193 diri·

266 1227 388 1295 urente
402 1260 412 1293 2
428 1223 524 1292 bona
545 1215 635 1297 side,
650 1240 696 1293 err
728 1221 812 1316 juris
834 1239 916 1306 ,aut
945 1220 1023 1296 sarii
1050 1219 1250 1317 ignorantia
1271 1220 1311 1292 iu

264 1322 351 1394 sacre
366 1316 526 1394 Ecclesiae
545 1331 823 1400 contraxerunt,
844 1323 881 1395 in
902 1320 1070 1415 angustiis
1093 1319 1309 1396 constitutos

265 1423 463 1516 relinquere
494 1434 706 1513 opportuno
720 1419 905 1496 destitutos
932 1421 1116 1497 remedio,
1134 1441 1219 1494 cum
1244 1438 1312 1492 oc-

263 1525 403 1596 cuitum
424 1520 611 1613 praesertim
632 1519 929 1615 impedimentum
941 1521 1012 1605 esi,
1028 1542 1095 1595 nec
1119 1524 1232 1615 prima
1248 1517 1312 1592 Se·

265 1622 328 1694 des
352 1622 438 1691 adiri
458 1616 574 1715 potest
585 1619 634 1692 ob
646 1618 846 1715 conjugum
872 1634 1116 1718 paupertatem
1142 1637 1232 1700 ‚aut
1255 1617 1312 1690 so-

267 1741 398 1794 cotum
414 1718 609 1793 distantiam
623 1767 634 1802 ,
647 1717 768 1793 aliasve
788 1719 911 1795 similes
932 1718 1047 1796 causas
1067 1767 1080 1801 ‚
1100 1740 1216 1814 oeque
1229 1712 1313 1814 pos·

267 1822 348 1894 sunt
374 1823 459 1893 citra
477 1818 677 1893 scandalum
712 1820 887 1914 conjuges
912 1818 1087 1915 separari,
1116 1835 1177 1893 aut
1204 1817 1313 1891 etiam

266 1922 431 1994 imminet
457 1919 593 2012 peccati
614 1919 824 2013 periculum.
852 1919 995 1995 Deinde
1012 1917 1210 2013 praescripta
1221 1936 1314 1990 con-

267 2018 441 2101 suetudo.
457 2017 752 2115 summorumque
785 2017 1003 2095 Pontificum
1023 2017 1210 2094 consensus
1230 2011 1317 2111 Epi·

268 2117 383 2212 scopis
401 2115 645 2192 autioritatem
659 2118 839 2194 vindicant
854 2124 958 2195 certis
981 2142 1019 2195 m
1031 2118 1165 2194 casibus
1176 2115 1317 2214 dispeu-

265 2218 375 2293 sandi.
398 2215 557 2299 Tertio,
583 2221 629 2293 ita
654 2217 770 2293 censet
800 2224 917 2294 omnis
937 2217 1247 2315 Theologorum2
1276 2214 1317 2290 ds

236 2317 442 2394 'Canonici
463 2320 548 2412 juris
572 2319 806 2414 interpretum
849 2323 959 2395 natio·
991 2315 1162 2414 Denique
1193 2316 1317 2386 er⁰s⁸

1321 727 1376 793 bns
1398 720 1486 802 sup«

1321 801 1446 890 impedi·

1322 887 1509 947 mentswon·
1633 874 1640 884 ’

1321 952 1525 1119 {simassi-⁴

1324 1111 1441 1177 nanc.

267 2415 481 2495 Minorensis
501 2414 694 2513 Episcopus
710 2425 748 2493 in
761 2426 862 2487 Praxi·
873 2398 1057 2514 Ebiseopaii
1075 2418 1232 2504 morbo,
1249 2418 1321 2484 Οἱ.

264 2517 426 2612 [persiano
439 2570 449 2602 ,
462 2520 606 2591 testatur
623 2515 704 2598 ‚sibi
716 2540 920 2595 exromana
937 2516 1043 2597 Curia
1056 2517 1153 2595 fuisse
1170 2517 1330 2613 respon·‘
1444 2580 1452 2597 ,

266 2623 344 2694 sum
359 2662 369 2691 t
387 2618 685 2714 dispensationum
720 2618 857 2695 illarum
882 2620 1093 2717 potestatem
1114 2615 1181 2693 esse
1207 2635 1317 2715 perrea

269 2718 465 2817 Episcopus
480 2772 491 2801 ,
504 2722 800 2795 concurrentibus
811 2720 870 2795 sex
888 2721 1155 2797 circumstantiis
1170 2718 1317 2816 sequen-

270 2838 377 2910 tibus·
399 2842 428 2892 r.
461 2816 511 2892 Ut
526 2822 794 2895 matrimonium
804 2822 874 2913 jarn
892 2821 933 2896 sit
948 2820 1183 2899 contrarium.
1197 2834 1232 2893 2.
1265 2815 1316 2891 Ut

272 2914 1316 3016 sitrontrattumignoranterquoadimpedirnentum.3·Ut

268 3027 312 3095 sit
326 3031 622 3093 consummatum.
637 3041 672 3106 4·
686 3018 735 3093 Ut
753 3021 1052 3109 impedimentum
1064 3018 1313 3095 sitoccultum·

270 3120 442 3196 Censetur
460 3139 576 3192 autern
599 3118 838 3202 occuitum,si
861 3121 1002 3213 publica
1017 3121 1106 3194 tama
1127 3118 1313 3213 vulgatum

269 3245 347 3296 non
360 3222 406 3293 est
415 3220 484 3302 ‚vei
498 3221 541 3291 ad
555 3220 674 3293 sorum
684 3220 949 3294 contentiosum
960 3241 1034 3293 non
1047 3217 1219 3316 perlatum
1230 3242 1241 3307 ;
1251 3230 1313 3289 aut

268 3321 293 3395 si
306 3324 478 3416 persarum
493 3322 636 3411 quidem
650 3317 785 3395 runs'ed
796 3343 871 3394 non
881 3327 1038 3415 potuerit
1047 3321 1201 3416 probari,
1212 3319 1313 3389 ideo·

270 3444 343 3515 que
371 3421 409 3492 irs
437 3421 634 3512 dirempta,
652 3420 686 3493 ὁὶ
710 3442 787 3515 pars
811 3443 868 3494 rea
886 3419 961 3494 sine
982 3436 1068 3495 nota
1089 3412 1221 3492 dimissa
1234 3418 1312 3490 sue·

267 3542 324 3595 rit.
353 3538 386 3612 5·
409 3518 456 3592 Ut
475 3540 589 3615 partes
611 3521 678 3593 sint
697 3520 788 3594 adeo
809 3534 1057 3615 pauperes‚ut
1077 3522 1216 3593 mittere
1233 3537 1311 3590 non

264 3622 400 3716 possint
431 3626 474 3692 ad
500 3622 677 3695 summum
706 3618 945 3706 Pontificem,
965 3619 1021 3695 vel
1046 3618 1091 3694 ad
1122 3615 1311 3711 Legatum.

273 3733 308 3792 6.
331 3719 376 3793 ut
389 3720 411 3793 si
425 3724 522 3793 beret
534 3723 722 3815 separatio,
739 3719 967 3795 verisimiliter
980 3719 1182 3795 scandalum
1200 3720 1312 3792 orire·

268 3837 338 3896 tur.
369 3823 404 3893 br
427 3844 513 3893 vero
531 3822 706 3915 asrquaex
726 3821 779 3895 his
801 3820 1072 3897 circumstantiis
1099 3843 1173 3893 non
1202 3816 1310 3903 adsit,

272 3926 309 3994 dr
336 3920 493 4013 persbnae
524 3918 591 3993 sint
624 3944 742 3994 revera
774 3941 970 4019 pauperes,
994 3924 1098 3997 rudes
1119 3973 1129 4003 ,
1152 3918 1311 4001 rusticae.

268 4022 474 4117 episcopalis
513 4021 688 4095 charitatis
712 4022 778 4094 erit
799 4021 962 4117 prosequi
980 4020 1071 4094 hanc
1089 4016 1314 4114 dispensatio·

269 4145 354 4194 nem
379 4146 413 4193 nr
428 4136 542 4195 torma
564 4143 760 4216 pauperum
782 4123 876 4221 apud
904 4120 1033 4195 sedem
1055 4118 1311 4212 apostolicam,

269 4237 313 4294 ut
342 4221 444 4315 piane
466 4225 605 4317 gratis,
625 4226 660 4294 dr
684 4220 755 4294 sine
772 4220 1036 4315 compositione
1051 4221 1262 4295 obtineatur.

322 4320 425 4395 birca
456 4326 681 4395 matrimonia
705 4320 948 4395 contrahenda
971 4318 1088 4395 multo
1116 4318 1243 4393 arctior
1264 4311 1315 4388 est

266 4415 532 4517 Episcoporum
562 4419 741 4515 potestas5
774 4424 809 4494 Se
839 4443 918 4495 raro
948 4420 1144 4494 admodum
1171 4422 1317 4491 contin-

265 4544 346 4616 git,
366 4549 404 4599 ut
419 4529 456 4598 in
476 4524 741 4618 impedimentis
759 4522 1006 4624 dirimentibus
1027 4571 1039 4608 ,
1062 4541 1100 4595 re
1120 4516 1236 4594 adhuc
1260 4514 1315 4587 in·
1443 4515 1453 4524 “

1144 4634 1266 4710 tegra,
