3700 5425
495 498 587 666 tra
659 552 1410 674 Theoi·nog.&lilorall,ib.1ss.

489 755 564 835 que
592 745 736 842 peccata
766 729 909 810 excusat
924 779 936 814 2
951 732 989 808 dc
1023 743 1064 810 ut
1091 729 1167 808 talu
1190 752 1211 808 a
1232 730 1341 810 Cleto
1363 731 1549 832 gallicano

489 832 564 931 iarn
594 830 759 913 &oruata
782 831 832 910 est
856 881 880 922 „
895 879 931 923 ,μ

592 1051 594 1053 ’
714 1004 803 1101 liu
830 1018 867 1100 G
893 1018 927 1099 U
952 1014 1041 1096 LA
1091 1014 1334 1100 LXXVI.

499 1172 706 1277 ignorantia
726 1174 807 1256 fadi
828 1202 854 1265 a,
870 1176 975 1274 culpa
995 1175 1161 1263 excusat.
1182 1173 1206 1251 sr
1227 1175 1268 1256 lit
1286 1176 1551 1278 insuperabilis,

517 1286 627 1353 “non
648 1300 734 1353 vero
761 1280 961 1374 ignorantia
981 1276 1066 1374 legis
1091 1275 1214 1354 debito
1242 1277 1357 1354 modo
1380 1282 1548 1378 promul·

520 1386 525 1399 '
547 1391 660 1474 gatae,
682 1375 720 1452 dc
738 1380 840 1472 cujus
862 1380 988 1454 notitia
1010 1377 1054 1452 ad
1071 1398 1181 1457 eum,
1204 1378 1268 1477 qui
1287 1395 1413 1456 contra
1434 1381 1547 1480 ipsam

536 1477 623 1574 agit
638 1521 649 1555 ‚
665 1480 847 1574 pervenire
867 1475 1036 1577 potuerit.

268 1596 476 1742 fflssssfflss'
499 1633 611 1804 Est
636 1626 773 1732 Regula
797 1635 881 1726 iuria
903 1649 961 1724 13.
989 1635 1027 1711 in
1059 1629 1159 1709 sexto
1182 1633 1412 1730 ,ignorantia
1439 1631 1547 1715 fam.

386 1771 476 1821 acu·
598 1756 673 1810 uon
686 1736 772 1829 juris
791 1737 942 1811 excusat.
971 1731 1008 1812 Si
1021 1755 1107 1809 reto
1124 1733 1181 1808 lex
1200 1733 1321 1809 debito
1336 1734 1450 1810 modo
1463 1757 1544 1813 rron

294 1771 366 1901 a?
497 1830 604 1911 suerit
632 1832 887 1930 promulgata,
912 1836 967 1910 vel
991 1833 1065 1929 ejus
1093 1836 1223 1909 notitia
1259 1836 1441 1928 pervenite
1463 1858 1544 1912 non

497 1935 659 2030 potuerit
677 1934 722 2009 ad
742 1957 852 2017 eum,
876 1936 938 2029 qui
962 1948 1088 2011 contra
1109 1930 1215 2027 ipsam
1239 1935 1342 2029 agit·
1362 1935 1420 2009 ltu
1441 1936 1540 2010 illam

495 2054 574 2110 nou
598 2028 783 2120 observat,
803 2056 824 2108 a
848 2033 952 2130 culpa
980 2029 1191 2117 excusatur.
1216 2030 1358 2128 quia&
1383 2033 1465 2124 jurii
1487 2037 1544 2130 ig.

332 2216 362 2235 .-
494 2133 657 2209 norantia
679 2148 768 2211 tunc
788 2130 1025 2230 insuperabilia
1045 2131 1214 2208 censenda
1236 2133 1307 2212 esi,
1332 2148 1371 2208 ut
1398 2135 1543 2231 colligi.

391 2224 397 2240 '
493 2243 555 2309 tur
576 2253 622 2309 ex
644 2253 724 2330 cap,
751 2236 831 2303 Citati
854 2235 889 2302 iri
908 2254 988 2317 tua,
1016 2229 1097 2309 Ext.
1127 2236 1180 2300 De
1205 2230 1338 2324 hirqui
1359 2239 1541 2307 Matrimo-

492 2341 587 2402 nium
612 2330 759 2418 attimar
777 2324 904 2424 possum
943 2329 1154 2408 Pronuntiat
1181 2328 1317 2406 scilicet·
1337 2332 1449 2408 Innoc.
1466 2336 1538 2404 Ill.

492 2420 542 2506 =ab
573 2430 795 2508 accusatione
824 2431 1040 2508 matrimonii
1073 2429 1314 2529 repellendum
1335 2427 1402 2507 else
1429 2478 1441 2514 ‚
1470 2436 1537 2529 qui

336 2546 341 2557 ’
492 2529 706 2606 solemnium
727 2533 1039 2608 denuntiationum
1054 2548 1217 2628 tempore
1231 2533 1360 2611 tacuit,
1374 2529 1438 2606 nili
1449 2555 1541 2630 pro.

492 2630 556 2706 bet
576 2631 881 2708 denuntiationem
917 2630 961 2707 ad
989 2630 1101 2727 ipsum
1128 2652 1205 2706 non
1230 2626 1384 2728 potuisse
1412 2655 1541 2725 petro-

376 2735 379 2741 ’
490 2734 581 2812 nire.
602 2786 662 2823 „„
698 2730 733 2807 Si
758 2747 944 2829 tempore,
963 2733 1100 2825 inquit.
1136 2730 1419 2806 denuntiationes
1447 2755 1539 2826 praa.

490 2827 623 2914 milla,
640 2834 688 2917 is.
702 2831 764 2927 qni
781 2832 853 2927 jam
875 2830 1378 2926 conjunsiosimpetitmxtta
1397 2830 1535 2909 dioeco·

489 2926 556 3005 sim
586 2930 778 3007 existebat,
796 2930 852 3006 vel
885 2932 965 3006 alias
990 2932 1209 3006 denuntiatio
1242 2953 1318 3005 non
1346 2935 1465 3025 potuit
1487 2932 1534 3009 ad

488 3030 569 3123 ejus
605 3033 767 3106 notitiam
799 3034 982 3126 pervenire
1001 3078 1012 3110 ‚
1034 3047 1073 3107 ut
1106 3027 1260 3126 puta‚fi
1289 3031 1404 3107 nimiae
1437 3030 1537 3110 iulit-

486 3131 620 3205 mitatis
642 3130 780 3205 fervore
798 3131 961 3207 laborans
983 3130 1069 3205 sanae
1100 3132 1228 3203 mentis
1246 3134 1442 3227 patiebatur
1455 3134 1534 3207 exi·

487 3225 576 3304 lium
601 3249 613 3318 ;
637 3230 690 3303 vel
714 3232 750 3304 in
774 3234 872 3305 annis
905 3247 978 3306 tam
1006 3234 1132 3304 teneris
1163 3228 1402 3305 constitutus,
1427 3230 1531 3327 quod

485 3327 532 3403 ad
558 3328 913 3423 comprehensionem
935 3328 1058 3405 talium
1079 3329 1154 3423 ejus
1175 3344 1255 3404 aetas
1272 3323 1427 3405 sufficere
1454 3354 1530 3407 nou

485 3426 654 3515 valebat3
677 3428 732 3505 seu
764 3428 827 3504 alia
855 3429 954 3505 causa
987 3428 1141 3523 legitima
1177 3426 1282 3503 suerit
1311 3430 1526 3525 impeditus.

484 3525 560 3621 ejus
582 3527 761 3603 excusatio
787 3528 892 3606 debet
920 3526 1044 3605 audiri.
1075 3527 1242 3624 Alioquin
1259 3547 1352 3608 cum
1375 3536 1529 3604 rationo.

483 3623 601 3701 biliter
629 3629 886 3723 ptaesumatut,
912 3627 1012 3720 quod
1048 3627 1354 3704 denuntiationem
1386 3629 1527 3725 publice

481 3722 608 3801 sutiam
629 3726 723 3802 idem
752 3728 903 3803 exilient
933 3730 967 3802 in
994 3725 1063 3824 ipsa
1087 3724 1228 3804 dioecesr
1253 3729 1401 3803 minime
1420 3734 1529 3823 igno·

480 3830 593 3998 ἓονίι,
605 3839 792 3999 §anquam
813 3826 984 3924 suipertus
1007 3825 1056 3903 est
1078 3826 1318 3925 proculdubio
1349 3828 1525 3924 repellen-

510 3946 579 4001 llSi
644 3948 674 4000 C·
698 3980 752 4017 „„

531 4021 709 4101 Caeterum
733 4028 968 4125 dirimatque
986 4022 1128 4102 discussa
1144 4026 1193 4103 est
1210 4073 1220 4108 ‚
1240 4023 1295 4102 vel
1311 4022 1435 4103 discuti
1457 4051 1524 4125 po-

478 4124 549 4198 tuit
571 4125 768 4218 ignorantia
796 4124 1013 4202 etiamfaiii‚
1032 4148 1111 4203 reus
1131 4127 1202 4212 eli,
1230 4128 1293 4224 qui
1323 4145 1448 4203 contra
1472 4129 1522 4203 le·

476 4244 563 4317 gem
577 4225 661 4319 agit.
686 4278 740 4315 ,„‚
760 4223 796 4299 Si
810 4227 904 4302 enim
921 4224 1133 4303 conscientia
1154 4227 1429 4322 propterealaedi
1444 4251 1518 4305 non

475 4324 598 4418 potuit
617 4378 626 4407 ,
645 4328 725 4419 quia
743 4322 886 4400 nescivit
900 4350 911 4417 ;
924 4347 1020 4401 nunc
1035 4326 1157 4420 incipit
1169 4325 1245 4401 laedi
1259 4380 1270 4411 ‚
1286 4330 1366 4419 quia
1391 4328 1519 4415 l'cirit3

473 4418 614 4497 velutsi
640 4426 758 4499 tunica
788 4425 832 4498 de
860 4425 1049 4502 latrocinio
1066 4424 1220 4502 nescient
1252 4428 1453 4513 vestiretur·
1474 4449 1518 4503 ex

472 4516 537 4597 illo
548 4518 590 4600 it
608 4523 803 4620 iniquitatie
820 4525 920 4618 tallia
948 4523 1005 4603 illa
1021 4577 1033 4611 ,
1056 4546 1197 4622 exque
1214 4528 1515 4701 cognoveritife&

1396 4647 1433 4722 ¹1³
