<?xml version="1.0" encoding="UTF-8"?>
<!DOCTYPE html PUBLIC "-//W3C//DTD XHTML 1.0 Transitional//EN"
    "http://www.w3.org/TR/xhtml1/DTD/xhtml1-transitional.dtd">
<html xmlns="http://www.w3.org/1999/xhtml" xml:lang="en" lang="en">
 <head>
  <title>
</title>
<meta http-equiv="Content-Type" content="text/html;charset=utf-8" />
  <meta name='ocr-system' content='tesseract 3.04.00' />
  <meta name='ocr-capabilities' content='ocr_page ocr_carea ocr_par ocr_line ocrx_word'/>
</head>
<body>
  <div class='ocr_page' id='page_1' title='image "./theologiadogmat05alexgoog_0175.png"; bbox 0 0 3700 5425; ppageno 0'>
   <div class='ocr_carea' id='block_1_1' title="bbox 801 444 811 483">
    <p class='ocr_par' dir='ltr' id='par_1_1' title="bbox 801 444 811 483">
     <span class='ocr_line' id='line_1_1' title="bbox 801 444 811 483; baseline 0 0"><span class='ocrx_word' id='word_1_1' title='bbox 801 444 811 483; x_wconf 90' lang='lat' dir='ltr'><strong>t</strong></span> 
     </span>
    </p>
   </div>
   <div class='ocr_carea' id='block_1_2' title="bbox 466 479 1333 647">
    <p class='ocr_par' dir='ltr' id='par_1_2' title="bbox 466 479 1333 647">
     <span class='ocr_line' id='line_1_2' title="bbox 466 479 1333 647; baseline 0.015 -17"><span class='ocrx_word' id='word_1_2' title='bbox 466 537 536 634; x_wconf 90' lang='lat' dir='ltr'><strong>De</strong></span> <span class='ocrx_word' id='word_1_3' title='bbox 558 479 824 636; x_wconf 74' lang='lat' dir='ltr'><strong>sacramento</strong></span> <span class='ocrx_word' id='word_1_4' title='bbox 851 538 1126 639; x_wconf 71' lang='lat' dir='ltr'>Matrimonii.</span> <span class='ocrx_word' id='word_1_5' title='bbox 1254 558 1333 647; x_wconf 76' lang='lat' dir='ltr'><strong>tat</strong></span> 
     </span>
    </p>
   </div>
   <div class='ocr_carea' id='block_1_3' title="bbox 274 706 1333 1127">
    <p class='ocr_par' dir='ltr' id='par_1_3' title="bbox 274 706 1333 1127">
     <span class='ocr_line' id='line_1_3' title="bbox 274 706 1333 804; baseline -0.013 -9"><span class='ocrx_word' id='word_1_6' title='bbox 274 706 333 795; x_wconf 81' lang='lat' dir='ltr'><strong>rit</strong></span> <span class='ocrx_word' id='word_1_7' title='bbox 355 759 365 794; x_wconf 74' lang='grc' dir='ltr'><strong>ι</strong></span> <span class='ocrx_word' id='word_1_8' title='bbox 387 706 469 791; x_wconf 69' lang='lat' dir='ltr'><strong>Exta</strong></span> <span class='ocrx_word' id='word_1_9' title='bbox 496 712 549 783; x_wconf 84' lang='lat' dir='ltr'><strong>oe</strong></span> <span class='ocrx_word' id='word_1_10' title='bbox 573 707 813 804; x_wconf 75' lang='lat' dir='ltr'><strong>jurejurando,</strong></span> <span class='ocrx_word' id='word_1_11' title='bbox 834 711 870 789; x_wconf 78' lang='lat' dir='ltr'><strong>tr</strong></span> <span class='ocrx_word' id='word_1_12' title='bbox 889 734 923 791; x_wconf 74' lang='lat' dir='ltr'><strong>c.</strong></span> <span class='ocrx_word' id='word_1_13' title='bbox 947 714 1141 800; x_wconf 75' lang='lat' dir='ltr'><em>Scriptura,</em></span> <span class='ocrx_word' id='word_1_14' title='bbox 1168 706 1249 795; x_wconf 78' lang='lat' dir='ltr'><strong>Ext.</strong></span> <span class='ocrx_word' id='word_1_15' title='bbox 1270 709 1333 790; x_wconf 71' lang='lat' dir='ltr'><strong>Du</strong></span> 
     </span>
     <span class='ocr_line' id='line_1_4' title="bbox 276 809 1330 911; baseline -0.006 -20"><span class='ocrx_word' id='word_1_16' title='bbox 276 821 402 898; x_wconf 60' lang='grc' dir='ltr'><strong>ποτε),7</strong></span> <span class='ocrx_word' id='word_1_17' title='bbox 423 813 460 887; x_wconf 82' lang='lat' dir='ltr'><strong>dt</strong></span> <span class='ocrx_word' id='word_1_18' title='bbox 485 813 561 888; x_wconf 84' lang='lat' dir='ltr'><strong>voti</strong></span> <span class='ocrx_word' id='word_1_19' title='bbox 588 815 850 911; x_wconf 82' lang='lat' dir='ltr'><strong>redemptione.</strong></span> <span class='ocrx_word' id='word_1_20' title='bbox 885 867 907 904; x_wconf 88' lang='lat'>„</span> <span class='ocrx_word' id='word_1_21' title='bbox 936 809 1055 893; x_wconf 85' lang='lat' dir='ltr'><strong>Potest</strong></span> <span class='ocrx_word' id='word_1_22' title='bbox 1076 833 1166 909; x_wconf 84' lang='lat' dir='ltr'><strong>ergo</strong></span> <span class='ocrx_word' id='word_1_23' title='bbox 1189 810 1330 905; x_wconf 76' lang='lat' dir='ltr'><strong>(inquit</strong></span> 
     </span>
     <span class='ocr_line' id='line_1_5' title="bbox 274 906 1330 1010; baseline 0.004 -29"><span class='ocrx_word' id='word_1_24' title='bbox 274 969 303 1010; x_wconf 70' lang='lat'><strong>„</strong></span> <span class='ocrx_word' id='word_1_25' title='bbox 318 906 453 1006; x_wconf 80' lang='lat' dir='ltr'><strong>Gitffa)</strong></span> <span class='ocrx_word' id='word_1_26' title='bbox 475 907 607 987; x_wconf 86' lang='lat' dir='ltr'><strong>servare</strong></span> <span class='ocrx_word' id='word_1_27' title='bbox 626 926 840 1010; x_wconf 78' lang='lat' dir='ltr'><strong>utromque,</strong></span> <span class='ocrx_word' id='word_1_28' title='bbox 860 908 885 985; x_wconf 87' lang='lat' dir='ltr'><strong>o</strong></span> <span class='ocrx_word' id='word_1_29' title='bbox 903 912 996 1003; x_wconf 85' lang='lat' dir='ltr'><strong>tuit;</strong></span> <span class='ocrx_word' id='word_1_30' title='bbox 1016 928 1133 987; x_wconf 72' lang='lat' dir='ltr'><strong>omen</strong></span> <span class='ocrx_word' id='word_1_31' title='bbox 1156 907 1227 985; x_wconf 85' lang='lat' dir='ltr'><strong>fine</strong></span> <span class='ocrx_word' id='word_1_32' title='bbox 1245 932 1330 1005; x_wconf 84' lang='lat' dir='ltr'><strong>pec·</strong></span> 
     </span>
     <span class='ocr_line' id='line_1_6' title="bbox 274 1009 1318 1127; baseline -0.008 -34"><span class='ocrx_word' id='word_1_33' title='bbox 274 1027 395 1111; x_wconf 76' lang='lat' dir='ltr'><strong>..cato</strong></span> <span class='ocrx_word' id='word_1_34' title='bbox 406 1009 523 1110; x_wconf 83' lang='lat' dir='ltr'><strong>potest</strong></span> <span class='ocrx_word' id='word_1_35' title='bbox 532 1011 661 1090; x_wconf 88' lang='lat' dir='ltr'><strong>intrare</strong></span> <span class='ocrx_word' id='word_1_36' title='bbox 670 1011 880 1109; x_wconf 85' lang='lat' dir='ltr'><strong>religionem</strong></span> <span class='ocrx_word' id='word_1_37' title='bbox 891 1065 902 1097; x_wconf 87' lang='lat'><strong>,</strong></span> <span class='ocrx_word' id='word_1_38' title='bbox 913 1011 950 1091; x_wconf 78' lang='lat' dir='ltr'><strong>ar</strong></span> <span class='ocrx_word' id='word_1_39' title='bbox 962 1032 1037 1093; x_wconf 90' lang='lat' dir='ltr'><strong>non</strong></span> <span class='ocrx_word' id='word_1_40' title='bbox 1049 1011 1260 1095; x_wconf 83' lang='lat' dir='ltr'><strong>contrahere</strong></span> <span class='ocrx_word' id='word_1_41' title='bbox 1267 1054 1318 1127; x_wconf 43' lang='lat' dir='ltr'><strong>q«</strong></span> 
     </span>
    </p>
   </div>
   <div class='ocr_carea' id='block_1_4' title="bbox 566 1153 1053 1288">
    <p class='ocr_par' dir='ltr' id='par_1_4' title="bbox 566 1153 1053 1288">
     <span class='ocr_line' id='line_1_7' title="bbox 566 1153 1053 1288; baseline -0.012 -13"><span class='ocrx_word' id='word_1_42' title='bbox 566 1153 884 1288; x_wconf 78' lang='lat' dir='ltr'><strong>arcora</strong></span> <span class='ocrx_word' id='word_1_43' title='bbox 936 1192 1053 1283; x_wconf 80' lang='lat' dir='ltr'><strong>vit.</strong></span> 
     </span>
    </p>
   </div>
   <div class='ocr_carea' id='block_1_5' title="bbox 303 1347 1303 1557">
    <p class='ocr_par' dir='ltr' id='par_1_5' title="bbox 303 1347 1303 1557">
     <span class='ocr_line' id='line_1_8' title="bbox 303 1347 1303 1459; baseline -0.001 -23"><span class='ocrx_word' id='word_1_44' title='bbox 303 1351 526 1451; x_wconf 81' lang='lat' dir='ltr'><strong>Subsequent</strong></span> <span class='ocrx_word' id='word_1_45' title='bbox 549 1353 746 1440; x_wconf 79' lang='lat' dir='ltr'>alterutrius</span> <span class='ocrx_word' id='word_1_46' title='bbox 771 1354 886 1455; x_wconf 86' lang='lat' dir='ltr'><strong>iponii</strong></span> <span class='ocrx_word' id='word_1_47' title='bbox 911 1355 1098 1437; x_wconf 82' lang='lat' dir='ltr'><strong>fornicatio</strong></span> <span class='ocrx_word' id='word_1_48' title='bbox 1123 1347 1303 1459; x_wconf 78' lang='lat' dir='ltr'><strong>Sponoto</strong></span> 
     </span>
     <span class='ocr_line' id='line_1_9' title="bbox 583 1455 1034 1557; baseline 0.002 -24"><span class='ocrx_word' id='word_1_49' title='bbox 583 1455 748 1535; x_wconf 80' lang='lat' dir='ltr'><strong>dirimit.</strong></span> <span class='ocrx_word' id='word_1_50' title='bbox 774 1459 881 1536; x_wconf 85' lang='lat' dir='ltr'><strong>etiam</strong></span> <span class='ocrx_word' id='word_1_51' title='bbox 908 1457 1034 1557; x_wconf 74' lang='lat' dir='ltr'><strong>jurata.</strong></span> 
     </span>
    </p>
   </div>
   <div class='ocr_carea' id='block_1_6' title="bbox 281 1608 1345 4198">
    <p class='ocr_par' dir='ltr' id='par_1_6' title="bbox 378 1608 1331 1709">
     <span class='ocr_line' id='line_1_10' title="bbox 378 1608 1331 1709; baseline 0 -18"><span class='ocrx_word' id='word_1_52' title='bbox 378 1633 430 1691; x_wconf 83' lang='lat' dir='ltr'><strong>aec</strong></span> <span class='ocrx_word' id='word_1_53' title='bbox 446 1611 539 1694; x_wconf 81' lang='lat' dir='ltr'><strong>enim</strong></span> <span class='ocrx_word' id='word_1_54' title='bbox 560 1609 648 1688; x_wconf 82' lang='lat' dir='ltr'><strong>datae</strong></span> <span class='ocrx_word' id='word_1_55' title='bbox 662 1608 744 1691; x_wconf 86' lang='lat' dir='ltr'><strong>fidei</strong></span> <span class='ocrx_word' id='word_1_56' title='bbox 757 1610 884 1695; x_wconf 70' lang='lat' dir='ltr'><strong>directe</strong></span> <span class='ocrx_word' id='word_1_57' title='bbox 902 1626 1090 1708; x_wconf 74' lang='lat' dir='ltr'><strong>repugnat.</strong></span> <span class='ocrx_word' id='word_1_58' title='bbox 1110 1665 1163 1703; x_wconf 70' lang='lat' dir='ltr'><strong>„n</strong></span> <span class='ocrx_word' id='word_1_59' title='bbox 1189 1608 1331 1709; x_wconf 50' lang='lat' dir='ltr'><strong>Quam,-</strong></span> 
     </span>
    </p>

    <p class='ocr_par' dir='ltr' id='par_1_7' title="bbox 281 1710 1345 4198">
     <span class='ocr_line' id='line_1_11' title="bbox 396 1710 1329 1809; baseline 0.002 -24"><span class='ocrx_word' id='word_1_60' title='bbox 396 1714 444 1789; x_wconf 82' lang='lat' dir='ltr'><strong>tis</strong></span> <span class='ocrx_word' id='word_1_61' title='bbox 466 1715 560 1789; x_wconf 87' lang='lat' dir='ltr'><strong>enim</strong></span> <span class='ocrx_word' id='word_1_62' title='bbox 582 1710 746 1795; x_wconf 86' lang='lat' dir='ltr'><strong>nondum</strong></span> <span class='ocrx_word' id='word_1_63' title='bbox 767 1711 926 1791; x_wconf 83' lang='lat' dir='ltr'><strong>dederint</strong></span> <span class='ocrx_word' id='word_1_64' title='bbox 947 1710 1006 1788; x_wconf 86' lang='lat' dir='ltr'><strong>fibi</strong></span> <span class='ocrx_word' id='word_1_65' title='bbox 1029 1728 1158 1786; x_wconf 89' lang='lat' dir='ltr'><strong>mutuo</strong></span> <span class='ocrx_word' id='word_1_66' title='bbox 1176 1710 1329 1809; x_wconf 83' lang='lat' dir='ltr'><strong>potesta·</strong></span> 
     </span>
     <span class='ocr_line' id='line_1_12' title="bbox 281 1809 1330 1908; baseline -0.003 -23"><span class='ocrx_word' id='word_1_67' title='bbox 281 1824 358 1895; x_wconf 84' lang='lat' dir='ltr'><strong>tem</strong></span> <span class='ocrx_word' id='word_1_68' title='bbox 381 1813 542 1904; x_wconf 81' lang='lat' dir='ltr'><strong>corporis</strong></span> <span class='ocrx_word' id='word_1_69' title='bbox 564 1809 740 1908; x_wconf 70' lang='lat' dir='ltr'><strong>sponsalia</strong></span> <span class='ocrx_word' id='word_1_70' title='bbox 764 1812 1037 1897; x_wconf 76' lang='lat' dir='ltr'><strong>contrahentes.</strong></span> <span class='ocrx_word' id='word_1_71' title='bbox 1051 1826 1168 1891; x_wconf 86' lang='lat' dir='ltr'><strong>tamen</strong></span> <span class='ocrx_word' id='word_1_72' title='bbox 1189 1833 1235 1885; x_wconf 89' lang='lat' dir='ltr'><strong>ex</strong></span> <span class='ocrx_word' id='word_1_73' title='bbox 1255 1809 1330 1889; x_wconf 84' lang='lat' dir='ltr'><strong>hoa</strong></span> 
     </span>
     <span class='ocr_line' id='line_1_13' title="bbox 281 1907 1331 2011; baseline 0.005 -27"><span class='ocrx_word' id='word_1_74' title='bbox 281 1907 485 2011; x_wconf 73' lang='lat' dir='ltr'><strong>efficiuntur</strong></span> <span class='ocrx_word' id='word_1_75' title='bbox 507 1908 569 1985; x_wconf 83' lang='lat' dir='ltr'><strong>irbi</strong></span> <span class='ocrx_word' id='word_1_76' title='bbox 593 1913 743 1991; x_wconf 84' lang='lat' dir='ltr'><strong>invicem</strong></span> <span class='ocrx_word' id='word_1_77' title='bbox 766 1910 905 2006; x_wconf 74' lang='lat' dir='ltr'><strong>suspecti</strong></span> <span class='ocrx_word' id='word_1_78' title='bbox 924 1911 969 1985; x_wconf 91' lang='lat' dir='ltr'><strong>de</strong></span> <span class='ocrx_word' id='word_1_79' title='bbox 983 1935 1056 1986; x_wconf 87' lang='lat' dir='ltr'><strong>non</strong></span> <span class='ocrx_word' id='word_1_80' title='bbox 1079 1908 1242 1989; x_wconf 81' lang='lat' dir='ltr'><strong>servanda</strong></span> <span class='ocrx_word' id='word_1_81' title='bbox 1258 1907 1331 1989; x_wconf 80' lang='lat' dir='ltr'><strong>noe</strong></span> 
     </span>
     <span class='ocr_line' id='line_1_14' title="bbox 282 2007 1331 2107; baseline -0.007 -18"><span class='ocrx_word' id='word_1_82' title='bbox 282 2010 321 2089; x_wconf 90' lang='lat' dir='ltr'><strong>in</strong></span> <span class='ocrx_word' id='word_1_83' title='bbox 341 2008 498 2090; x_wconf 81' lang='lat' dir='ltr'><strong>fororum</strong></span> <span class='ocrx_word' id='word_1_84' title='bbox 514 2027 528 2092; x_wconf 80' lang='lat' dir='ltr'><strong>t</strong></span> <span class='ocrx_word' id='word_1_85' title='bbox 547 2010 582 2085; x_wconf 72' lang='grc' dir='ltr'><strong>ἃ</strong></span> <span class='ocrx_word' id='word_1_86' title='bbox 604 2009 686 2086; x_wconf 87' lang='lat' dir='ltr'><strong>ideo</strong></span> <span class='ocrx_word' id='word_1_87' title='bbox 702 2012 817 2105; x_wconf 82' lang='lat' dir='ltr'><strong>potest</strong></span> <span class='ocrx_word' id='word_1_88' title='bbox 831 2007 891 2092; x_wconf 89' lang='lat' dir='ltr'><strong>iibi</strong></span> <span class='ocrx_word' id='word_1_89' title='bbox 906 2032 1102 2107; x_wconf 70' lang='lat' dir='ltr'>precavere</span> <span class='ocrx_word' id='word_1_90' title='bbox 1124 2032 1215 2091; x_wconf 76' lang='lat' dir='ltr'><strong>unua</strong></span> <span class='ocrx_word' id='word_1_91' title='bbox 1238 2031 1331 2083; x_wconf 87' lang='lat' dir='ltr'><strong>con·</strong></span> 
     </span>
     <span class='ocr_line' id='line_1_15' title="bbox 284 2102 1329 2207; baseline -0.007 -25"><span class='ocrx_word' id='word_1_92' title='bbox 284 2120 340 2195; x_wconf 77' lang='lat' dir='ltr'><strong>tra</strong></span> <span class='ocrx_word' id='word_1_93' title='bbox 364 2109 494 2192; x_wconf 80' lang='lat' dir='ltr'><strong>artum,</strong></span> <span class='ocrx_word' id='word_1_94' title='bbox 513 2106 690 2207; x_wconf 83' lang='lat' dir='ltr'><strong>Sponiaiia</strong></span> <span class='ocrx_word' id='word_1_95' title='bbox 715 2109 915 2190; x_wconf 87' lang='lat' dir='ltr'><strong>dirimendo</strong></span> <span class='ocrx_word' id='word_1_96' title='bbox 938 2166 960 2201; x_wconf 86' lang='lat'><strong>,‚</strong></span> <span class='ocrx_word' id='word_1_97' title='bbox 974 2127 1023 2201; x_wconf 79' lang='lat'><strong>„3</strong></span> <span class='ocrx_word' id='word_1_98' title='bbox 1046 2102 1179 2199; x_wconf 79' lang='lat' dir='ltr'><strong>(inquit</strong></span> <span class='ocrx_word' id='word_1_99' title='bbox 1197 2114 1230 2183; x_wconf 84' lang='lat' dir='ltr'><strong>S.</strong></span> <span class='ocrx_word' id='word_1_100' title='bbox 1240 2106 1329 2177; x_wconf 80' lang='lat' dir='ltr'><strong>Tho.</strong></span> 
     </span>
     <span class='ocr_line' id='line_1_16' title="bbox 284 2198 1329 2307; baseline 0.01 -25"><span class='ocrx_word' id='word_1_101' title='bbox 284 2231 357 2282; x_wconf 80' lang='lat' dir='ltr'><strong>tnas</strong></span> <span class='ocrx_word' id='word_1_102' title='bbox 377 2210 413 2288; x_wconf 88' lang='lat' dir='ltr'><strong>in</strong></span> <span class='ocrx_word' id='word_1_103' title='bbox 427 2227 463 2300; x_wconf 84' lang='lat'><strong>4·</strong></span> <span class='ocrx_word' id='word_1_104' title='bbox 488 2205 644 2293; x_wconf 83' lang='lat' dir='ltr'><strong>Sentent·</strong></span> <span class='ocrx_word' id='word_1_105' title='bbox 664 2206 738 2289; x_wconf 87' lang='lat' dir='ltr'><strong>dist.</strong></span> <span class='ocrx_word' id='word_1_106' title='bbox 753 2226 812 2303; x_wconf 82' lang='lat'><strong>27.</strong></span> <span class='ocrx_word' id='word_1_107' title='bbox 834 2233 894 2307; x_wconf 81' lang='lat' dir='ltr'><strong>qu.</strong></span> <span class='ocrx_word' id='word_1_108' title='bbox 909 2227 944 2284; x_wconf 81' lang='lat' dir='ltr'><strong>t.</strong></span> <span class='ocrx_word' id='word_1_109' title='bbox 964 2226 1026 2285; x_wconf 86' lang='lat' dir='ltr'><strong>art·</strong></span> <span class='ocrx_word' id='word_1_110' title='bbox 1038 2224 1072 2300; x_wconf 74' lang='lat'><strong>3·</strong></span> <span class='ocrx_word' id='word_1_111' title='bbox 1089 2205 1133 2284; x_wconf 87' lang='lat' dir='ltr'><strong>ad</strong></span> <span class='ocrx_word' id='word_1_112' title='bbox 1152 2198 1329 2292; x_wconf 78' lang='lat' dir='ltr'><strong>stratum)</strong></span> 
     </span>
     <span class='ocr_line' id='line_1_17' title="bbox 289 2302 1331 2405; baseline -0.006 -20"><span class='ocrx_word' id='word_1_113' title='bbox 289 2302 413 2405; x_wconf 76' lang='lat' dir='ltr'><strong>anue</strong></span> <span class='ocrx_word' id='word_1_114' title='bbox 441 2306 620 2403; x_wconf 72' lang='lat' dir='ltr'><strong>responsio</strong></span> <span class='ocrx_word' id='word_1_115' title='bbox 662 2307 817 2385; x_wconf 88' lang='lat' dir='ltr'><strong>consona</strong></span> <span class='ocrx_word' id='word_1_116' title='bbox 853 2312 901 2393; x_wconf 79' lang='lat' dir='ltr'><strong>eti</strong></span> <span class='ocrx_word' id='word_1_117' title='bbox 941 2306 1117 2393; x_wconf 86' lang='lat' dir='ltr'><strong>Decretaii</strong></span> <span class='ocrx_word' id='word_1_118' title='bbox 1145 2306 1331 2385; x_wconf 77' lang='lat' dir='ltr'><strong>innocentii</strong></span> 
     </span>
     <span class='ocr_line' id='line_1_18' title="bbox 289 2403 1333 2501; baseline -0.002 -22"><span class='ocrx_word' id='word_1_119' title='bbox 289 2410 362 2483; x_wconf 80' lang='lat'><strong>111.</strong></span> <span class='ocrx_word' id='word_1_120' title='bbox 384 2429 416 2482; x_wconf 89' lang='lat' dir='ltr'><strong>c.</strong></span> <span class='ocrx_word' id='word_1_121' title='bbox 435 2403 743 2501; x_wconf 68' lang='lat' dir='ltr'><strong>Qemrdmodarn,</strong></span> <span class='ocrx_word' id='word_1_122' title='bbox 768 2406 846 2485; x_wconf 77' lang='lat' dir='ltr'><strong>Ext</strong></span> <span class='ocrx_word' id='word_1_123' title='bbox 873 2413 928 2481; x_wconf 82' lang='lat' dir='ltr'><strong>oe</strong></span> <span class='ocrx_word' id='word_1_124' title='bbox 944 2408 1204 2497; x_wconf 66' lang='lat' dir='ltr'><strong>Jurejuraodo,</strong></span> <span class='ocrx_word' id='word_1_125' title='bbox 1230 2410 1333 2501; x_wconf 83' lang='lat' dir='ltr'><strong>cujut</strong></span> 
     </span>
     <span class='ocr_line' id='line_1_19' title="bbox 289 2504 1333 2599; baseline -0.007 -9"><span class='ocrx_word' id='word_1_126' title='bbox 289 2504 368 2591; x_wconf 67' lang='lat' dir='ltr'><strong>hcc</strong></span> <span class='ocrx_word' id='word_1_127' title='bbox 390 2505 468 2591; x_wconf 84' lang='lat' dir='ltr'><strong>sunt</strong></span> <span class='ocrx_word' id='word_1_128' title='bbox 492 2508 620 2589; x_wconf 80' lang='lat' dir='ltr'><strong>ttrbat</strong></span> <span class='ocrx_word' id='word_1_129' title='bbox 640 2561 697 2599; x_wconf 82' lang='lat'><strong>„„</strong></span> <span class='ocrx_word' id='word_1_130' title='bbox 724 2504 1091 2597; x_wconf 83' lang='lat' dir='ltr'><strong>Quemadmodumii</strong></span> <span class='ocrx_word' id='word_1_131' title='bbox 1117 2509 1167 2583; x_wconf 89' lang='lat' dir='ltr'><strong>tir</strong></span> <span class='ocrx_word' id='word_1_132' title='bbox 1193 2505 1333 2583; x_wconf 88' lang='lat' dir='ltr'><strong>mulieri</strong></span> 
     </span>
     <span class='ocr_line' id='line_1_20' title="bbox 287 2600 1334 2712; baseline 0.006 -31"><span class='ocrx_word' id='word_1_133' title='bbox 287 2600 450 2712; x_wconf 64' lang='lat' dir='ltr'><strong>juratio,</strong></span> <span class='ocrx_word' id='word_1_134' title='bbox 469 2605 615 2703; x_wconf 86' lang='lat' dir='ltr'><strong>quando</strong></span> <span class='ocrx_word' id='word_1_135' title='bbox 634 2611 814 2683; x_wconf 84' lang='lat' dir='ltr'><strong>contraxit</strong></span> <span class='ocrx_word' id='word_1_136' title='bbox 831 2631 915 2684; x_wconf 90' lang='lat' dir='ltr'><strong>cum</strong></span> <span class='ocrx_word' id='word_1_137' title='bbox 936 2608 992 2684; x_wconf 86' lang='lat' dir='ltr'><strong>iila</strong></span> <span class='ocrx_word' id='word_1_138' title='bbox 1031 2605 1131 2704; x_wconf 88' lang='lat' dir='ltr'><strong>quod</strong></span> <span class='ocrx_word' id='word_1_139' title='bbox 1149 2630 1226 2684; x_wconf 78' lang='lat' dir='ltr'><strong>eom</strong></span> <span class='ocrx_word' id='word_1_140' title='bbox 1244 2606 1334 2691; x_wconf 75' lang='lat' dir='ltr'><strong>sein-</strong></span> 
     </span>
     <span class='ocr_line' id='line_1_21' title="bbox 287 2706 1333 2809; baseline 0.006 -29"><span class='ocrx_word' id='word_1_141' title='bbox 287 2728 352 2809; x_wconf 84' lang='lat' dir='ltr'><strong>per</strong></span> <span class='ocrx_word' id='word_1_142' title='bbox 381 2728 448 2801; x_wconf 84' lang='lat' dir='ltr'><strong>pro</strong></span> <span class='ocrx_word' id='word_1_143' title='bbox 476 2708 632 2801; x_wconf 82' lang='lat' dir='ltr'><strong>legitima</strong></span> <span class='ocrx_word' id='word_1_144' title='bbox 658 2731 771 2783; x_wconf 84' lang='lat' dir='ltr'><strong>uxore</strong></span> <span class='ocrx_word' id='word_1_145' title='bbox 801 2724 960 2795; x_wconf 84' lang='lat' dir='ltr'><strong>teneret,</strong></span> <span class='ocrx_word' id='word_1_146' title='bbox 980 2730 1049 2807; x_wconf 87' lang='lat' dir='ltr'><strong>pro</strong></span> <span class='ocrx_word' id='word_1_147' title='bbox 1073 2706 1333 2786; x_wconf 81' lang='lat' dir='ltr'><strong>fornicatione.</strong></span> 
     </span>
     <span class='ocr_line' id='line_1_22' title="bbox 287 2802 1335 2905; baseline -0.004 -24"><span class='ocrx_word' id='word_1_148' title='bbox 287 2829 399 2903; x_wconf 84' lang='lat' dir='ltr'><strong>qttam</strong></span> <span class='ocrx_word' id='word_1_149' title='bbox 421 2805 547 2881; x_wconf 86' lang='lat' dir='ltr'><strong>mutiet</strong></span> <span class='ocrx_word' id='word_1_150' title='bbox 564 2822 664 2883; x_wconf 85' lang='lat' dir='ltr'><strong>antea</strong></span> <span class='ocrx_word' id='word_1_151' title='bbox 688 2805 935 2896; x_wconf 79' lang='lat' dir='ltr'><strong>commisrffet,</strong></span> <span class='ocrx_word' id='word_1_152' title='bbox 956 2832 1030 2885; x_wconf 92' lang='lat' dir='ltr'><strong>non</strong></span> <span class='ocrx_word' id='word_1_153' title='bbox 1053 2803 1168 2905; x_wconf 79' lang='lat' dir='ltr'><strong>puiset</strong></span> <span class='ocrx_word' id='word_1_154' title='bbox 1188 2830 1264 2882; x_wconf 87' lang='lat' dir='ltr'><strong>eam</strong></span> <span class='ocrx_word' id='word_1_155' title='bbox 1281 2802 1335 2880; x_wconf 85' lang='lat' dir='ltr'><strong>di.</strong></span> 
     </span>
     <span class='ocr_line' id='line_1_23' title="bbox 287 2904 1337 3006; baseline 0.002 -29"><span class='ocrx_word' id='word_1_156' title='bbox 287 2911 455 2995; x_wconf 68' lang='lat' dir='ltr'><strong>mittere,</strong></span> <span class='ocrx_word' id='word_1_157' title='bbox 475 2904 532 2986; x_wconf 86' lang='lat' dir='ltr'><strong>sed</strong></span> <span class='ocrx_word' id='word_1_158' title='bbox 552 2929 618 3003; x_wconf 90' lang='lat' dir='ltr'><strong>pto</strong></span> <span class='ocrx_word' id='word_1_159' title='bbox 645 2908 899 2995; x_wconf 81' lang='lat' dir='ltr'><strong>fornicatione.</strong></span> <span class='ocrx_word' id='word_1_160' title='bbox 932 2931 1040 3006; x_wconf 86' lang='lat' dir='ltr'><strong>quant</strong></span> <span class='ocrx_word' id='word_1_161' title='bbox 1069 2906 1188 3004; x_wconf 82' lang='lat' dir='ltr'><strong>postea</strong></span> <span class='ocrx_word' id='word_1_162' title='bbox 1208 2927 1337 3005; x_wconf 79' lang='lat' dir='ltr'><strong>perpe.</strong></span> 
     </span>
     <span class='ocr_line' id='line_1_24' title="bbox 287 3001 1334 3102; baseline -0.003 -21"><span class='ocrx_word' id='word_1_163' title='bbox 287 3018 427 3089; x_wconf 71' lang='lat' dir='ltr'><strong>tractet,</strong></span> <span class='ocrx_word' id='word_1_164' title='bbox 445 3027 520 3085; x_wconf 85' lang='lat' dir='ltr'><strong>eam</strong></span> <span class='ocrx_word' id='word_1_165' title='bbox 544 3005 720 3084; x_wconf 80' lang='lat' dir='ltr'><strong>dimittere</strong></span> <span class='ocrx_word' id='word_1_166' title='bbox 758 3003 895 3102; x_wconf 73' lang='lat' dir='ltr'><strong>ponet,</strong></span> <span class='ocrx_word' id='word_1_167' title='bbox 918 3033 992 3083; x_wconf 91' lang='lat' dir='ltr'><strong>non</strong></span> <span class='ocrx_word' id='word_1_168' title='bbox 1025 3010 1184 3086; x_wconf 84' lang='lat' dir='ltr'><strong>obtiante</strong></span> <span class='ocrx_word' id='word_1_169' title='bbox 1216 3001 1334 3097; x_wconf 78' lang='lat' dir='ltr'><strong>huiut&#39;·</strong></span> 
     </span>
     <span class='ocr_line' id='line_1_25' title="bbox 289 3101 1335 3204; baseline 0.001 -27"><span class='ocrx_word' id='word_1_170' title='bbox 289 3101 395 3183; x_wconf 84' lang='lat' dir='ltr'><strong>modi</strong></span> <span class='ocrx_word' id='word_1_171' title='bbox 412 3105 643 3199; x_wconf 87' lang='lat' dir='ltr'><strong>-jntamento;</strong></span> <span class='ocrx_word' id='word_1_172' title='bbox 668 3111 837 3204; x_wconf 88' lang='lat' dir='ltr'><strong>quoniam</strong></span> <span class='ocrx_word' id='word_1_173' title='bbox 860 3110 895 3191; x_wconf 87' lang='lat' dir='ltr'><strong>in</strong></span> <span class='ocrx_word' id='word_1_174' title='bbox 915 3130 961 3181; x_wconf 89' lang='lat' dir='ltr'><strong>eo</strong></span> <span class='ocrx_word' id='word_1_175' title='bbox 986 3107 1061 3182; x_wconf 84' lang='lat' dir='ltr'><strong>tatis</strong></span> <span class='ocrx_word' id='word_1_176' title='bbox 1080 3122 1153 3188; x_wconf 85' lang='lat' dir='ltr'><strong>erat</strong></span> <span class='ocrx_word' id='word_1_177' title='bbox 1171 3103 1335 3187; x_wconf 84' lang='lat' dir='ltr'><strong>subintel·</strong></span> 
     </span>
     <span class='ocr_line' id='line_1_26' title="bbox 288 3202 1334 3301; baseline -0.005 -21"><span class='ocrx_word' id='word_1_178' title='bbox 288 3203 432 3299; x_wconf 82' lang='lat' dir='ltr'><strong>ligenda</strong></span> <span class='ocrx_word' id='word_1_179' title='bbox 451 3207 636 3289; x_wconf 85' lang='lat' dir='ltr'><strong>conditio,</strong></span> <span class='ocrx_word' id='word_1_180' title='bbox 662 3204 685 3283; x_wconf 88' lang='lat' dir='ltr'><strong>ii</strong></span> <span class='ocrx_word' id='word_1_181' title='bbox 715 3207 877 3281; x_wconf 78' lang='lat' dir='ltr'><strong>videlicet</strong></span> <span class='ocrx_word' id='word_1_182' title='bbox 899 3211 936 3281; x_wconf 91' lang='lat' dir='ltr'><strong>in</strong></span> <span class='ocrx_word' id='word_1_183' title='bbox 964 3207 1081 3301; x_wconf 80' lang='lat' dir='ltr'><strong>legem</strong></span> <span class='ocrx_word' id='word_1_184' title='bbox 1100 3207 1261 3301; x_wconf 76' lang='lat' dir='ltr'><strong>conjugii</strong></span> <span class='ocrx_word' id='word_1_185' title='bbox 1278 3202 1334 3283; x_wconf 79' lang='lat' dir='ltr'><strong>nn</strong></span> 
     </span>
     <span class='ocr_line' id='line_1_27' title="bbox 290 3302 1338 3402; baseline -0.009 -23"><span class='ocrx_word' id='word_1_186' title='bbox 290 3325 367 3379; x_wconf 87' lang='lat' dir='ltr'><strong>non</strong></span> <span class='ocrx_word' id='word_1_187' title='bbox 396 3318 581 3396; x_wconf 75' lang='lat' dir='ltr'><strong>peccarett</strong></span> <span class='ocrx_word' id='word_1_188' title='bbox 605 3304 696 3379; x_wconf 88' lang='lat' dir='ltr'><strong>itast</strong></span> <span class='ocrx_word' id='word_1_189' title='bbox 719 3308 796 3402; x_wconf 88' lang='lat' dir='ltr'><strong>quis</strong></span> <span class='ocrx_word' id='word_1_190' title='bbox 819 3308 986 3399; x_wconf 79' lang='lat' dir='ltr'><strong>juraverit</strong></span> <span class='ocrx_word' id='word_1_191' title='bbox 1008 3306 1040 3378; x_wconf 84' lang='lat' dir='ltr'><strong>se</strong></span> <span class='ocrx_word' id='word_1_192' title='bbox 1066 3303 1254 3378; x_wconf 78' lang='lat' dir='ltr'><strong>ducturum</strong></span> <span class='ocrx_word' id='word_1_193' title='bbox 1274 3302 1338 3376; x_wconf 85' lang='lat' dir='ltr'><strong>aii.</strong></span> 
     </span>
     <span class='ocr_line' id='line_1_28' title="bbox 290 3404 1340 3499; baseline -0.003 -21"><span class='ocrx_word' id='word_1_194' title='bbox 290 3424 400 3499; x_wconf 85' lang='lat' dir='ltr'><strong>qnam</strong></span> <span class='ocrx_word' id='word_1_195' title='bbox 426 3405 461 3477; x_wconf 91' lang='lat' dir='ltr'><strong>in</strong></span> <span class='ocrx_word' id='word_1_196' title='bbox 486 3425 660 3483; x_wconf 78' lang='lat' dir='ltr'><strong>uxorein,</strong></span> <span class='ocrx_word' id='word_1_197' title='bbox 684 3427 757 3479; x_wconf 90' lang='lat' dir='ltr'><strong>non</strong></span> <span class='ocrx_word' id='word_1_198' title='bbox 777 3404 893 3498; x_wconf 83' lang='lat' dir='ltr'><strong>potest</strong></span> <span class='ocrx_word' id='word_1_199' title='bbox 917 3409 946 3478; x_wconf 90' lang='lat' dir='ltr'><strong>ei</strong></span> <span class='ocrx_word' id='word_1_200' title='bbox 973 3404 1247 3482; x_wconf 81' lang='lat' dir='ltr'><strong>fornicationem</strong></span> <span class='ocrx_word' id='word_1_201' title='bbox 1269 3423 1340 3497; x_wconf 75' lang='lat' dir='ltr'><strong>op·</strong></span> 
     </span>
     <span class='ocr_line' id='line_1_29' title="bbox 291 3499 1336 3599; baseline 0.004 -27"><span class='ocrx_word' id='word_1_202' title='bbox 291 3524 430 3598; x_wconf 81' lang='lat' dir='ltr'><strong>ponere</strong></span> <span class='ocrx_word' id='word_1_203' title='bbox 464 3501 746 3597; x_wconf 69' lang='lat' dir='ltr'><strong>praecedentem,</strong></span> <span class='ocrx_word' id='word_1_204' title='bbox 777 3501 832 3578; x_wconf 84' lang='lat' dir='ltr'><strong>sed</strong></span> <span class='ocrx_word' id='word_1_205' title='bbox 857 3502 1146 3599; x_wconf 82' lang='lat' dir='ltr'><strong>subsequentem·</strong></span> <span class='ocrx_word' id='word_1_206' title='bbox 1168 3514 1210 3580; x_wconf 86' lang='lat' dir='ltr'><strong>ut</strong></span> <span class='ocrx_word' id='word_1_207' title='bbox 1242 3499 1336 3576; x_wconf 84' lang='lat' dir='ltr'><strong>iiiam</strong></span> 
     </span>
     <span class='ocr_line' id='line_1_30' title="bbox 289 3599 1340 3698; baseline -0.001 -17"><span class='ocrx_word' id='word_1_208' title='bbox 289 3623 370 3681; x_wconf 81' lang='lat' dir='ltr'><strong>non</strong></span> <span class='ocrx_word' id='word_1_209' title='bbox 392 3599 498 3675; x_wconf 88' lang='lat' dir='ltr'><strong>ducat</strong></span> <span class='ocrx_word' id='word_1_210' title='bbox 519 3602 554 3678; x_wconf 88' lang='lat' dir='ltr'><strong>in</strong></span> <span class='ocrx_word' id='word_1_211' title='bbox 579 3604 799 3697; x_wconf 84' lang='lat' dir='ltr'><strong>conjugem3</strong></span> <span class='ocrx_word' id='word_1_212' title='bbox 821 3606 901 3698; x_wconf 86' lang='lat' dir='ltr'><strong>quia</strong></span> <span class='ocrx_word' id='word_1_213' title='bbox 921 3611 955 3677; x_wconf 88' lang='lat' dir='ltr'><strong>in</strong></span> <span class='ocrx_word' id='word_1_214' title='bbox 981 3604 1042 3677; x_wconf 87' lang='lat' dir='ltr'><strong>iilo</strong></span> <span class='ocrx_word' id='word_1_215' title='bbox 1062 3605 1265 3696; x_wconf 82' lang='lat' dir='ltr'><strong>juramento</strong></span> <span class='ocrx_word' id='word_1_216' title='bbox 1287 3616 1340 3680; x_wconf 75' lang='lat' dir='ltr'><strong>ta·</strong></span> 
     </span>
     <span class='ocr_line' id='line_1_31' title="bbox 290 3697 1342 3798; baseline -0.003 -22"><span class='ocrx_word' id='word_1_217' title='bbox 290 3698 334 3776; x_wconf 88' lang='lat' dir='ltr'><strong>iis</strong></span> <span class='ocrx_word' id='word_1_218' title='bbox 357 3697 461 3777; x_wconf 89' lang='lat' dir='ltr'><strong>debet</strong></span> <span class='ocrx_word' id='word_1_219' title='bbox 484 3699 648 3776; x_wconf 90' lang='lat' dir='ltr'><strong>conditio</strong></span> <span class='ocrx_word' id='word_1_220' title='bbox 677 3703 914 3798; x_wconf 78' lang='lat' dir='ltr'><strong>inbinteiiigi,</strong></span> <span class='ocrx_word' id='word_1_221' title='bbox 942 3699 967 3780; x_wconf 80' lang='lat' dir='ltr'>fi</span> <span class='ocrx_word' id='word_1_222' title='bbox 998 3703 1159 3780; x_wconf 79' lang='lat' dir='ltr'><strong>videlicet</strong></span> <span class='ocrx_word' id='word_1_223' title='bbox 1178 3698 1231 3776; x_wconf 90' lang='lat' dir='ltr'><strong>illa</strong></span> <span class='ocrx_word' id='word_1_224' title='bbox 1250 3722 1342 3774; x_wconf 86' lang='lat' dir='ltr'><strong>con·</strong></span> 
     </span>
     <span class='ocr_line' id='line_1_32' title="bbox 292 3794 1340 3897; baseline 0.001 -26"><span class='ocrx_word' id='word_1_225' title='bbox 292 3811 347 3886; x_wconf 76' lang='lat' dir='ltr'><strong>tra</strong></span> <span class='ocrx_word' id='word_1_226' title='bbox 367 3797 525 3891; x_wconf 79' lang='lat' dir='ltr'><strong>tegulam</strong></span> <span class='ocrx_word' id='word_1_227' title='bbox 551 3798 827 3897; x_wconf 82' lang='lat' dir='ltr'><strong>desponsationis</strong></span> <span class='ocrx_word' id='word_1_228' title='bbox 849 3824 922 3877; x_wconf 91' lang='lat' dir='ltr'><strong>non</strong></span> <span class='ocrx_word' id='word_1_229' title='bbox 949 3806 1093 3883; x_wconf 86' lang='lat' dir='ltr'><strong>venerit.</strong></span> <span class='ocrx_word' id='word_1_230' title='bbox 1128 3800 1292 3895; x_wconf 69' lang='lat' dir='ltr'><strong>Alioquin</strong></span> <span class='ocrx_word' id='word_1_231' title='bbox 1315 3794 1340 3882; x_wconf 83' lang='lat' dir='ltr'><strong>o</strong></span> 
     </span>
     <span class='ocr_line' id='line_1_33' title="bbox 292 3897 1340 3996; baseline -0.003 -24"><span class='ocrx_word' id='word_1_232' title='bbox 292 3898 376 3995; x_wconf 83' lang='lat' dir='ltr'><strong>post</strong></span> <span class='ocrx_word' id='word_1_233' title='bbox 397 3897 596 3989; x_wconf 78' lang='lat' dir='ltr'><strong>hujusmodi</strong></span> <span class='ocrx_word' id='word_1_234' title='bbox 610 3904 848 3992; x_wconf 84' lang='lat' dir='ltr'><strong>juramentum</strong></span> <span class='ocrx_word' id='word_1_235' title='bbox 873 3903 1010 3996; x_wconf 80' lang='lat' dir='ltr'><strong>publica</strong></span> <span class='ocrx_word' id='word_1_236' title='bbox 1031 3904 1197 3978; x_wconf 80' lang='lat' dir='ltr'><strong>meretrix</strong></span> <span class='ocrx_word' id='word_1_237' title='bbox 1213 3900 1340 3982; x_wconf 81' lang='lat' dir='ltr'><strong>tieret.</strong></span> 
     </span>
     <span class='ocr_line' id='line_1_34' title="bbox 293 3994 1345 4098; baseline -0.005 -23"><span class='ocrx_word' id='word_1_238' title='bbox 293 4011 475 4075; x_wconf 88' lang='lat' dir='ltr'><strong>teneretur</strong></span> <span class='ocrx_word' id='word_1_239' title='bbox 499 4019 575 4071; x_wconf 81' lang='lat' dir='ltr'><strong>earn</strong></span> <span class='ocrx_word' id='word_1_240' title='bbox 598 3998 728 4076; x_wconf 88' lang='lat' dir='ltr'><strong>ducere</strong></span> <span class='ocrx_word' id='word_1_241' title='bbox 746 4004 781 4074; x_wconf 92' lang='lat' dir='ltr'><strong>in</strong></span> <span class='ocrx_word' id='word_1_242' title='bbox 808 4023 961 4082; x_wconf 76' lang='lat' dir='ltr'><strong>uxorem</strong></span> <span class='ocrx_word' id='word_1_243' title='bbox 980 4048 988 4074; x_wconf 61' lang='lat'><em>2</em></span> <span class='ocrx_word' id='word_1_244' title='bbox 1010 4000 1110 4098; x_wconf 83' lang='lat' dir='ltr'><strong>quod</strong></span> <span class='ocrx_word' id='word_1_245' title='bbox 1132 3999 1180 4072; x_wconf 86' lang='lat' dir='ltr'><strong>est</strong></span> <span class='ocrx_word' id='word_1_246' title='bbox 1202 3994 1345 4095; x_wconf 72' lang='lat' dir='ltr'><strong>proritat</strong></span> 
     </span>
     <span class='ocr_line' id='line_1_35' title="bbox 293 4095 1344 4198; baseline -0.001 -27"><span class='ocrx_word' id='word_1_247' title='bbox 293 4096 496 4187; x_wconf 75' lang='lat' dir='ltr'><strong>absurdum·</strong></span> <span class='ocrx_word' id='word_1_248' title='bbox 523 4097 677 4179; x_wconf 75' lang='lat' dir='ltr'><strong>mann</strong></span> <span class='ocrx_word' id='word_1_249' title='bbox 707 4099 787 4192; x_wconf 77' lang='lat' dir='ltr'><strong>post</strong></span> <span class='ocrx_word' id='word_1_250' title='bbox 812 4099 1038 4182; x_wconf 70' lang='lat' dir='ltr'><strong>contraitum</strong></span> <span class='ocrx_word' id='word_1_251' title='bbox 1053 4099 1267 4198; x_wconf 76' lang='lat' dir='ltr'><strong>conjugium</strong></span> <span class='ocrx_word' id='word_1_252' title='bbox 1292 4095 1344 4172; x_wconf 88' lang='lat' dir='ltr'><strong>tir</strong></span> 
     </span>
    </p>
   </div>
   <div class='ocr_carea' id='block_1_7' title="bbox 295 4193 1468 4296">
    <p class='ocr_par' dir='ltr' id='par_1_8' title="bbox 295 4193 1468 4296">
     <span class='ocr_line' id='line_1_36' title="bbox 295 4193 1468 4296; baseline 0 -26"><span class='ocrx_word' id='word_1_253' title='bbox 295 4213 444 4292; x_wconf 77' lang='lat' dir='ltr'><strong>propter</strong></span> <span class='ocrx_word' id='word_1_254' title='bbox 474 4198 749 4280; x_wconf 80' lang='lat' dir='ltr'><strong>fornicationem</strong></span> <span class='ocrx_word' id='word_1_255' title='bbox 782 4199 876 4275; x_wconf 85' lang='lat' dir='ltr'><strong>licite</strong></span> <span class='ocrx_word' id='word_1_256' title='bbox 912 4200 1029 4294; x_wconf 83' lang='lat' dir='ltr'><strong>potest</strong></span> <span class='ocrx_word' id='word_1_257' title='bbox 1059 4219 1211 4275; x_wconf 85' lang='lat' dir='ltr'><strong>uxorem</strong></span> <span class='ocrx_word' id='word_1_258' title='bbox 1241 4219 1258 4269; x_wconf 92' lang='lat' dir='ltr'><strong>a</strong></span> <span class='ocrx_word' id='word_1_259' title='bbox 1286 4193 1345 4276; x_wconf 79' lang='lat' dir='ltr'><strong>sua</strong></span> <span class='ocrx_word' id='word_1_260' title='bbox 1464 4284 1468 4296; x_wconf 23' lang='lat'>³</span> 
     </span>
    </p>
   </div>
   <div class='ocr_carea' id='block_1_8' title="bbox 294 4295 1351 4492">
    <p class='ocr_par' dir='ltr' id='par_1_9' title="bbox 294 4295 1351 4492">
     <span class='ocr_line' id='line_1_37' title="bbox 296 4295 1346 4396; baseline -0.008 -28"><span class='ocrx_word' id='word_1_261' title='bbox 296 4295 565 4380; x_wconf 76' lang='lat' dir='ltr'><strong>cohabitatione</strong></span> <span class='ocrx_word' id='word_1_262' title='bbox 593 4298 790 4380; x_wconf 84' lang='lat' dir='ltr'><strong>dimittere,</strong></span> <span class='ocrx_word' id='word_1_263' title='bbox 814 4298 924 4396; x_wconf 81' lang='lat' dir='ltr'><strong>longe</strong></span> <span class='ocrx_word' id='word_1_264' title='bbox 957 4298 1083 4375; x_wconf 82' lang='lat' dir='ltr'><strong>fortior</strong></span> <span class='ocrx_word' id='word_1_265' title='bbox 1108 4311 1190 4371; x_wconf 88' lang='lat' dir='ltr'><strong>ante</strong></span> <span class='ocrx_word' id='word_1_266' title='bbox 1218 4316 1346 4379; x_wconf 80' lang='lat' dir='ltr'><strong>contu.</strong></span> 
     </span>
     <span class='ocr_line' id='line_1_38' title="bbox 294 4394 1351 4492; baseline 0.002 -24"><span class='ocrx_word' id='word_1_267' title='bbox 294 4397 396 4492; x_wconf 77' lang='lat' dir='ltr'><strong>girran</strong></span> <span class='ocrx_word' id='word_1_268' title='bbox 431 4397 678 4481; x_wconf 87' lang='lat' dir='ltr'><strong>celebratum,</strong></span> <span class='ocrx_word' id='word_1_269' title='bbox 715 4409 862 4492; x_wconf 82' lang='lat' dir='ltr'><strong>propter</strong></span> <span class='ocrx_word' id='word_1_270' title='bbox 892 4397 1053 4471; x_wconf 86' lang='lat' dir='ltr'><strong>eamdem</strong></span> <span class='ocrx_word' id='word_1_271' title='bbox 1089 4394 1224 4471; x_wconf 82' lang='lat' dir='ltr'><strong>catriann</strong></span> <span class='ocrx_word' id='word_1_272' title='bbox 1256 4394 1351 4478; x_wconf 80' lang='lat' dir='ltr'><strong>licito</strong></span> 
     </span>
    </p>
   </div>
   <div class='ocr_carea' id='block_1_9' title="bbox 294 4490 1350 4694">
    <p class='ocr_par' dir='ltr' id='par_1_10' title="bbox 294 4490 1350 4694">
     <span class='ocr_line' id='line_1_39' title="bbox 294 4490 1350 4678; baseline -0.018 -96"><span class='ocrx_word' id='word_1_273' title='bbox 294 4494 415 4604; x_wconf 67' lang='lat' dir='ltr'><strong>tottii</strong></span> <span class='ocrx_word' id='word_1_274' title='bbox 438 4500 475 4579; x_wconf 87' lang='lat' dir='ltr'><strong>ia</strong></span> <span class='ocrx_word' id='word_1_275' title='bbox 497 4495 595 4582; x_wconf 80' lang='lat' dir='ltr'><strong>suam</strong></span> <span class='ocrx_word' id='word_1_276' title='bbox 620 4497 923 4678; x_wconf 64' lang='lat' dir='ltr'><strong>cohabinltionem</strong></span> <span class='ocrx_word' id='word_1_277' title='bbox 945 4513 1021 4579; x_wconf 85' lang='lat' dir='ltr'><strong>noo</strong></span> <span class='ocrx_word' id='word_1_278' title='bbox 1040 4490 1350 4674; x_wconf 50' lang='lat' dir='ltr'><strong>admittetzffion.</strong></span> 
     </span>
     <span class='ocr_line' id='line_1_40' title="bbox 775 4614 1303 4694; baseline -0.002 -1"><span class='ocrx_word' id='word_1_279' title='bbox 775 4690 777 4694; x_wconf 84' lang='grc'><strong>,</strong></span> <span class='ocrx_word' id='word_1_280' title='bbox 820 4616 858 4692; x_wconf 84' lang='grc'><strong>-4</strong></span> <span class='ocrx_word' id='word_1_281' title='bbox 1287 4614 1303 4692; x_wconf 80' lang='lat' dir='ltr'><strong>i</strong></span> 
     </span>
    </p>
   </div>
   <div class='ocr_carea' id='block_1_10' title="bbox 0 0 1870 5425">
    <p class='ocr_par' dir='ltr' id='par_1_11' title="bbox 0 0 1870 5425">
     <span class='ocr_line' id='line_1_41' title="bbox 0 0 1870 5425; baseline 0 0"><span class='ocrx_word' id='word_1_282' title='bbox 0 0 1870 5425; x_wconf 95' lang='lat' dir='ltr'><strong> </strong></span> 
     </span>
    </p>
   </div>
  </div>
 </body>
</html>
