3700 5425
551 568 632 643 aaa
750 539 905 640 Theol,
931 543 1048 659 Dog.
1069 544 1112 633 dc
1127 524 1280 677 lloral.
1298 541 1392 633 Lib.
1406 542 1467 640 11:

554 731 635 794 tur.
657 713 732 803 Sine
757 712 872 810 ceusu
897 714 968 794 sate
987 719 1093 794 etiam
1114 713 1322 814 Dispensat,
1349 711 1531 804 exsertis,
1556 720 1599 791 ό·

553 811 805 888 rationabilibus
832 814 945 904 scafis,
1143 882 1149 900 ,
1222 881 1226 902 ,

603 971 654 1007 ,,,,
681 914 723 993 ln
740 915 1051 1016 dispensationibus
1069 913 1387 992 matrimonialibus
1409 914 1503 992 dotis
1526 939 1602 995 noo

555 1020 793 1114 competentis
815 1018 914 1093 causa
943 1012 1141 1095 concessis,
1168 1015 1198 1091 sa.
1219 1015 1333 1091 modo
1357 1038 1402 1089 eo
1429 1016 1523 1102 loci,
1541 1018 1602 1092 ubi

555 1118 702 1193 mulier,
716 1115 761 1192 de
781 1117 883 1210 cujus
907 1119 1137 1192 matrimonio
1153 1118 1290 1212 agitur,
1312 1113 1465 1201 habitat,
1488 1119 1603 1194 virum

424 1212 427 1225 '
556 1220 654 1314 pari,
670 1216 866 1314 aequalique
887 1217 1100 1293 conditione
1121 1239 1197 1289 non
1229 1216 1380 1289 inveniri
1405 1238 1485 1288 vere
1514 1239 1606 1291 con·

557 1318 648 1400 stet,
667 1321 728 1414 qui
750 1312 812 1392 sibi
835 1316 1083 1411 cognationis,
1104 1310 1321 1390 affinitatis've
1343 1315 1487 1390 vinculo
1510 1336 1603 1390 con·

556 1415 697 1512 junctus
714 1437 789 1491 non
806 1412 866 1508 slt;
885 1414 1131 1510 progrediatur
1145 1413 1340 1511 Episcopus
1360 1413 1404 1487 ad
1422 1437 1604 1511 exequen-

558 1517 641 1589 dam
665 1517 739 1607 ejus
769 1516 906 1610 generis
933 1513 1224 1611 dispensationem
1248 1567 1260 1598 ,
1283 1510 1416 1588 etiamst
1447 1517 1481 1589 in
1514 1516 1603 1589 locis

555 1613 715 1690 finitimis
735 1612 841 1712 aliqui
858 1610 990 1699 essent,
1011 1617 1072 1706 qui
1092 1614 1192 1690 nullo
1213 1612 1324 1708 gradu
1351 1615 1602 1709 cognationis,

556 1709 774 1791 affinitatisve
793 1713 924 1807 junsii,
946 1736 1023 1788 eam
1047 1736 1132 1789 cum
1161 1716 1290 1809 exigua
1315 1710 1403 1787 dote
1426 1718 1461 1786 in
1483 1718 1605 1787 matri-

403 1851 405 1858 ·
556 1817 724 1891 monium
742 1813 923 1890 ducerent·
950 1811 1038 1889 Satis
1055 1817 1149 1888 enim
1168 1813 1241 1890 est,
1263 1815 1299 1887 in
1313 1835 1358 1887 eo
1379 1814 1601 1906 municipio,

557 1913 691 1988 locove
704 1955 713 1988 ›
727 1914 787 1990 ubi
805 1910 931 1988 mulier
948 1912 1021 1996 est,
1045 1912 1264 2010 diligentiam
1279 1913 1494 1986 oratrimonii
1513 1935 1604 1986 con-

556 2010 720 2086 trahendi
743 2011 934 2089 adhibitam
967 2008 1034 2087 esse
1058 2058 1130 2103 „,‚·
1168 2007 1271 2087 Hanc
1294 2006 1469 2105 Regulam
1492 2017 1600 2086 tradit

557 2111 726 2209 Synodus
762 2111 985 2205 provincialis
1016 2110 1290 2191 Mediolariensts
1318 2115 1441 2208 quinta
1474 2111 1536 2188 sub
1567 2116 1602 2184 S.

555 2210 675 2282 caroso
694 2214 890 2285 Borromaeo.

853 2344 1323 2476 ascusam

389 2598 425 2637 s,
555 2547 673 2654 Optat
694 2549 869 2640 Ecclesia,
889 2570 930 2630 ut
953 2579 1136 2653 nunquam
1159 2555 1372 2653 dispensetur
1388 2555 1424 2629 in
1443 2554 1599 2635 secundo

456 2702 460 2712 ,
602 2653 821 2753 gradu,nis1
856 2671 947 2732 inter
969 2678 1123 2753 magnos
1151 2656 1419 2754 l'rincipes,·&
1451 2662 1500 2734 ob
1531 2682 1602 2755 pu·

603 2756 730 2833 blicam
752 2755 899 2880 causam.

548 2912 736 3073 Verba
755 2910 835 2989 sunt
855 2910 1085 2991 TridConc·
1104 2912 1173 2990 sess.
1186 2934 1246 3009 24.
1275 2918 1330 2987 De
1348 2910 1597 3002 Reformationa

664 3016 889 3089 matrimonii,
918 3036 996 3110 cap.
1013 3034 1046 3111 5.
1072 3071 1093 3107 „
1123 3014 1163 3090 ln
1193 3015 1347 3092 secundo
1373 3014 1484 3112 gradu
1503 3035 1599 3085 nun·

548 3168 573 3208 „
589 3134 698 3209 quam
718 3111 949 3216 dispensetur,
968 3116 1029 3191 nist
1050 3119 1142 3190 inter
1164 3140 1314 3214 magnos
1333 3120 1534 3208 Principes,
1557 3114 1595 3185 dc

546 3267 572 3304 „
588 3214 638 3287 ob
655 3212 833 3305 publicam
855 3211 992 3288 causam
1014 3262 1048 3307 „.
1072 3213 1208 3292 Verum
1229 3239 1313 3292 cum
1337 3218 1459 3290 eadem
1481 3213 1598 3310 &Sy-

546 3313 667 3387 nodus
681 3308 750 3393 sess.
764 3330 821 3402 24.
850 3316 902 3382 Dc
917 3309 1184 3403 Reformatione,
1201 3338 1277 3411 cap.
1288 3334 1345 3386 21·
1362 3370 1384 3405 ,‚
1396 3369 1417 3404 „
1436 3311 1596 3395 Olunta,

547 3412 586 3485 dc
616 3411 748 3504 lingula
764 3460 774 3492 ,
792 3412 852 3487 sub
880 3415 1150 3513 quibuscunque
1179 3415 1335 3491 clausulis
1354 3463 1364 3495 ,
1386 3419 1421 3487 dt
1454 3414 1596 3488 serbis.

547 3532 628 3604 quae
647 3512 692 3585 de
709 3533 852 3588 morum
876 3516 1152 3599 reformatione,
1173 3529 1279 3601 atoue
1293 3511 1517 3588 ecclesiastica
1538 3513 1594 3584 di-

544 3609 687 3702 s'cipsina
714 3610 775 3685 sub
805 3609 913 3689 Paulo
931 3612 994 3694 lll.
1023 3612 1198 3711 Juliolll.
1225 3636 1266 3689 ac
1295 3613 1358 3705 Pio
1380 3610 1440 3687 sV.
1469 3611 1595 3686 Ponti-

544 3705 669 3783 ficibus
693 3713 854 3787 maximis
877 3717 914 3789 in
935 3741 973 3790 ea
998 3714 1122 3790 statuta
1144 3715 1222 3789 sunt
1240 3764 1252 3791 ,
1272 3717 1435 3792 declaret,
1460 3716 1506 3786 ita
1531 3710 1594 3783 da-

488 3864 490 3867 <
545 3822 639 3883 cteta
659 3807 779 3893 fuisse,
797 3828 837 3885 ut
863 3816 898 3887 in
926 3813 979 3889 his
1011 3812 1099 3889 salua
1125 3812 1259 3906 semper
1280 3813 1466 3891 austoritas
1493 3810 1592 3883 Sedis

543 3907 746 4003 apostolicae
765 3913 800 3985 dc
823 3909 888 3997 stt,
910 3915 946 3988 dc
963 3909 1031 3989 esse
1052 3913 1269 4009 intelligatur
1289 3971 1310 4005 „
1326 3935 1373 4003 „3
1399 3912 1435 3986 &
1461 3909 1591 3984 summi

542 4005 732 4111 Pontifices
757 4012 793 4083 iu
821 4011 977 4088 secundo
1007 4017 1111 4088 etiam
1132 4016 1253 4108 gradu
1294 4011 1488 4109 dispensent
1521 4013 1592 4083 sre-

543 4122 693 4199 quenter
725 4112 815 4183 inter
840 4112 1002 4206 personas
1030 4112 1248 4208 Principibus
1270 4114 1479 4189 iut'cnorcs,
1512 4112 1590 4184 imo

540 4208 632 4280 inter
654 4209 837 4303 plebeios,
860 4212 894 4283 dc
916 4217 1064 4305 privatas
1080 4217 1129 4286 ob
1154 4216 1293 4288 causas,
1312 4209 1587 4310 dispensationes

538 4305 612 4379 istas
640 4306 766 4382 validas
787 4306 854 4381 esse
877 4312 1092 4387 censendum
1119 4314 1188 4392 est,
1207 4308 1321 4387 modo
1346 4309 1586 4406 suppressione

537 4408 634 4486 veri,
652 4423 713 4481 aut
733 4405 958 4501 expositione
978 4410 1049 4486 salsa
1071 4412 1267 4507 obreptum
1290 4411 1418 4487 Christi
1445 4410 1586 4484 Vtcario

535 4527 613 4577 non
634 4502 758 4605 suerit3
777 4509 813 4579 sir
835 4512 1061 4593 matrimonia
1080 4534 1166 4589 cum
1183 4514 1250 4591 illis
1274 4512 1589 4610 dispensationibus

531 4605 715 4683 corrttasla
746 4604 812 4683 esse
840 4622 923 4687 tata.
1429 4606 1464 4685 li
1493 4604 1539 4681 Ε·
