3700 5425
358 679 361 686 ,
430 578 501 671 De
531 577 804 669 sacramento
835 576 1111 677 Matrimonii.
1225 598 1305 679 323

550 745 585 830 R
612 748 639 826 E
664 746 699 826 G
725 751 760 830 U
785 747 816 826 L
843 753 874 831 A
923 748 1024 832 111.

261 909 306 992 ln
331 906 496 1007 gradibus
520 905 706 1003 prohibitis
724 898 900 991 affiiritatis
914 905 1047 989 facilius
1070 907 1309 1008 dispensatur,
1365 925 1371 933 ·

430 1032 539 1104 quam
564 1009 600 1083 in
626 1010 792 1102 gradibus
819 1011 1141 1106 consanguinitatis.

264 1166 499 1331 Rationem
523 1161 625 1239 affert
653 1168 685 1233 S.
703 1164 868 1248 Thomas,
886 1170 922 1244 in
954 1185 990 1262 4.
1018 1167 1114 1245 Sent.
1155 1165 1232 1243 dist.
1248 1183 1310 1258 41.

220 1322 227 1337 .
358 1287 418 1361 qu.
434 1283 463 1339 1.
488 1282 599 1341 artua·
620 1268 825 1358 quastione.
839 1290 873 1358 3.
901 1265 1004 1365 ,Quia
1021 1262 1162 1355 affinitas
1188 1264 1231 1344 ed
1248 1268 1312 1336 mi.

265 1374 545 1439 nutrimentum,
570 1384 666 1458 quum
698 1364 971 1460 consanguinitas,
1000 1365 1246 1463 Quamobrem
1270 1366 1307 1440 ἃ

265 1468 303 1542 in
332 1468 451 1564 primo
474 1464 586 1560 gradu
609 1464 708 1544 linear
732 1467 939 1548 collateralis
961 1467 1117 1544 summus
1142 1465 1309 1542 Pontifex

270 1565 463 1661 dispensare
483 1563 617 1658 potest,
638 1580 678 1640 ut
696 1566 824 1643 scilicet
844 1567 948 1645 irater
967 1590 1118 1644 uxorem
1132 1565 1245 1640 fratris
1263 1563 1314 1641 sui

267 1664 421 1745 dei'uusii
439 1664 563 1749 ducat,
581 1680 640 1741 aut
656 1665 756 1742 soror
769 1671 896 1745 marito
914 1667 1043 1743 suroris
1063 1666 1130 1742 suae
1143 1664 1315 1743 desunsiae

267 1769 403 1856 nubat3
424 1767 585 1862 quamvis
601 1787 679 1840 raro
693 1768 755 1852 ,dr
773 1765 913 1847 nonnisi
933 1768 1023 1842 inter
1044 1788 1196 1865 magnos
1216 1761 1317 1843 Prin-

269 1868 386 1964 cipes,
410 1868 446 1940 dr
471 1879 616 1961 propter
639 1865 817 1970 publicas,
842 1870 878 1942 ἃ
899 1863 1111 1963 graviffimas
1134 1862 1249 1940 causas
1276 1860 1315 1938 id

210 2008 213 2015 ·
268 1965 344 2039 sieri
372 1966 548 2060 expediat.
576 1961 635 2038 Sic
653 1990 735 2042 cum
764 1966 1028 2048 HearicoVJll.
1057 1962 1193 2060 nngsiae
1212 1958 1315 2058 Rege

214 2161 216 2163 ‚
268 2064 391 2154 Julius
410 2066 458 2137 sl.
485 2061 691 2160 dispensavit
716 2113 726 2144 ,
751 2084 791 2146 ut
809 2069 1023 2137 catharinam
1055 2069 1178 2136 arturi
1201 2062 1314 2139 fratris

269 2167 319 2240 toi
334 2163 473 2241 viduam
486 2187 638 2242 uxorem
653 2167 807 2245 duceret.
830 2166 887 2244 Sic
900 2167 1015 2243 nostra
1025 2179 1127 2242 aetate
1147 2168 1256 2245 Innoc.
1269 2164 1315 2239 X·

269 2263 474 2360 dispensavit
495 2284 578 2338 cum
600 2264 754 2345 Cadmiro
770 2267 929 2344 Poloniae
955 2265 1075 2363 Rege,
1102 2281 1141 2342 ut
1159 2284 1312 2344 uxorem

269 2365 424 2445 deruntu
452 2362 564 2437 sratris
587 2368 762 2462 acciperet
779 2373 816 2444 in
839 2367 962 2454 suam,
986 2389 1070 2445 cunr
1098 2368 1135 2441 in
1160 2382 1314 2461 regnunt

273 2464 467 2543 Procerum
494 2461 661 2563 suffragiis
688 2467 847 2546 suffetius
864 2466 924 2542 est.

439 2659 441 2662 ·
564 2621 896 2707 REGULA
947 2621 1029 2704 IV.

272 2781 348 2876 Qui
381 2784 654 2861 matrimonium
686 2785 775 2858 iutra
807 2781 938 2880 gradus
978 2780 1179 2881 prohibitos
1211 2781 1320 2862 serena

323 2886 567 2966 contraxerit.
597 2884 652 2957 vel
676 2882 913 2959 solemnitates
950 2881 1127 2981 requisitas
1156 2885 1323 2977 neglexe-

325 2986 390 3063 rit,
409 2982 659 3077 dispensatione
685 2984 849 3075 indignus
874 2984 945 3074 est3
963 2984 998 3058 &
1019 2983 1225 3075 dispensatio
1249 2980 1321 3057 abs.

323 3107 393 3181 que
409 3085 744 3157 circumstantiarum
761 3085 896 3158 illarum
912 3081 1135 3173 expositione
1155 3087 1324 3177 impetra·
1459 3169 1461 3174 ¹

324 3198 381 3267 ta,
402 3186 528 3259 nullius
551 3183 599 3266 est
628 3186 789 3262 roboris,
809 3202 915 3279 utque
935 3186 1094 3261 irritum,
1119 3187 1153 3255 δι
1185 3181 1323 3257 nullum

325 3285 615 3366 matrimonium,
635 3283 734 3379 quod
749 3307 794 3358 ex
810 3286 840 3357 vi
857 3283 945 3357 iilius
962 3284 1195 3356 contrahitur.
1222 3279 1321 3356 idem

327 3385 400 3456 esto
425 3386 592 3474 judicium
616 3383 658 3457 de
674 3386 734 3459 iis,
754 3388 813 3479 qui
839 3383 1007 3475 copulam
1032 3382 1206 3456 carnalem
1231 3403 1323 3455 con·

329 3483 580 3559 surnruauerint
594 3482 651 3578 spe
677 3481 938 3577 dispensationis
960 3481 1091 3556 facilius
1112 3480 1327 3557 obtinendae·

276 3642 436 3804 Hauc
462 3636 632 3734 Regulam
654 3640 760 3720 tradit
788 3640 820 3715 S.
834 3636 1002 3737 Synodus
1024 3636 1232 3715 Tridentino
1252 3633 1321 3713 sess.
1335 3615 1495 3754 {snivi}

388 3760 446 3822 24.
472 3743 523 3807 De
545 3737 789 3828 Riformatione
811 3741 1037 3822 matrimonii,
1061 3761 1136 3833 cup.
1148 3756 1181 3830 ς,
1203 3793 1259 3829 Μ,
1276 3736 1324 3813 'Si
1348 3712 1520 3830 „zesnnz'p'ipjg

276 3848 380 3934 quis,
405 3841 538 3930 inquit,
562 3844 650 3913 intra
677 3840 806 3935 gradus
841 3838 1044 3934 prohibitos
1079 3845 1222 3913 scienter
1252 3861 1324 3912 ma·
1351 3845 1537 3911 intrusoris.

277 3941 489 4013 trimonium
518 3939 728 4013 contrahere
752 3939 1004 4035 praesumpserit
1028 3987 1038 4019 ,
1066 3938 1269 4031 separetur,
1291 3938 1327 4013 dc
1352 4002 1356 4011 .

276 4038 334 4131 spe
358 4038 618 4133 dispensationis
640 4039 895 4134 consequendae
920 4053 1034 4113 careat
1053 4062 1063 4124 ;
1084 4040 1190 4132 idque
1222 4040 1257 4109 in
1281 4060 1327 4111 eo

279 4137 394 4213 musto
421 4143 532 4231 magis
554 4137 674 4214 iocum
697 4141 845 4222 lrabeat,
868 4142 929 4235 qui
953 4162 1026 4211 uon
1044 4152 1183 4210 tantiam
1208 4139 1326 4210 matri·

279 4242 442 4312 monium
482 4240 720 4323 contrahere,
742 4239 797 4312 srd
822 4244 926 4313 etiam
952 4236 1199 4312 consummare
1227 4234 1326 4307 ausus

278 4336 393 4423 suerit.
431 4338 545 4429 Quod
571 4339 594 4413 st
618 4345 823 4433 ignoranter
839 4339 873 4411 id
897 4338 1037 4412 fecerit,
1066 4336 1248 4432 siquidem
1274 4332 1291 4406 s
1312 4378 1329 4398 ·

277 4435 475 4512 imunitates
497 4436 676 4532 requisitas
699 4441 734 4511 in
750 4436 999 4511 contrahendo
1025 4436 1252 4508 matrimonio
1270 4454 1332 4504 ne..

274 4538 452 4643 glexerit3
475 4536 604 4617 eisdem
621 4539 817 4632 subjiciatur
833 4538 952 4631 poenis
967 4557 976 4612 3
997 4538 1179 4616 nonenim
1203 4533 1337 4622 dignus

758 4632 800 4722 X
835 4652 854 4731 3
1216 4629 1289 4723 uiis
