3700 5425
560 379 644 476 526
727 357 883 464 Theol.
901 369 1016 482 Dog.
1039 365 1246 464 &Moral
1271 363 1364 468 Lib.
1378 361 1456 464 111.

329 535 405 606 Mt
424 531 542 631 mont·
557 538 663 612 babile
683 539 839 624 videtur,
852 555 1061 632 perpeccat,
1078 561 1135 610 ner
1157 557 1262 610 errat.
1288 539 1456 620 Ostendit
1474 537 1526 620 do
1533 533 1610 622 Μ.

349 613 541 696 'mm‘
556 665 639 717 nana
658 639 750 718 hanc
765 643 934 716 omnibus
955 643 1160 718 criminibus
1179 644 1411 738 patrocinari,
1432 646 1514 740 quia
1529 645 1610 722 nul·

554 741 610 818 loa
622 741 670 817 est
683 781 694 818 2
707 740 764 816 coi
776 739 960 836 probabile
975 737 1042 816 elle
1053 763 1128 815 non
1146 739 1250 836 possit
1261 785 1272 826 .
1285 737 1372 820 illud
1387 785 1397 820 2
1413 743 1515 838 quod
1528 765 1617 840 per*

553 853 692 942 petrat,
708 841 843 914 crimen
861 839 996 914 licitum
1008 835 1086 915 elle.
1106 887 1159 930 „„
1182 839 1223 916 ld
1244 843 1352 939 igitur
1372 842 1529 938 ‚iaquir,
1545 863 1610 922 aa·

555 944 655 1019 diem
674 937 906 1048 adolescent,
932 936 1145 1015 insidiabitur
1160 939 1339 1035 pudicitia
1366 945 1496 1019 uxoria
1524 944 1609 1020 alie·

555 1061 622 1117 nae·
650 1035 705 1116 Te
722 1036 939 1122 reconlulo,
957 1039 1011 1114 M.
1024 1037 1145 1124 Tulli,
1170 1041 1216 1115 de
1228 1037 1505 1118 adolescentium
1525 1063 1609 1120 nro·

554 1146 676 1216 ribus,
697 1143 839 1236 vitaque
863 1143 1074 1223 tractamur,
1096 1141 1153 1214 cui
1176 1131 1395 1224 educandae,
1422 1157 1532 1240 atque
1552 1145 1609 1218 in·

554 1241 738 1315 llituendae
758 1259 884 1313 omnes
906 1238 1011 1312 literae
1035 1239 1105 1312 'tuae
1120 1237 1365 1328 vigilaverunt·
1395 1236 1495 1334 Quid
1509 1241 1607 1319 aliud

553 1339 712 1415 dicturus
735 1359 794 1421 es,
813 1358 920 1432 otram
942 1357 1018 1413 non
1036 1339 1099 1412 tibi
1120 1333 1187 1412 esse
1206 1336 1416 1431 probabile,
1432 1359 1471 1416 ut
1495 1342 1531 1414 id
1557 1341 1609 1418 sa·

552 1444 625 1516 ciat
642 1436 869 1513 adolestens?
893 1441 938 1511 ist
954 1437 1002 1510 illi
1024 1439 1207 1528 probabile
1229 1438 1288 1511 eil·
1317 1437 1411 1513 Nam
1427 1437 1450 1512 sl
1464 1439 1608 1516 exasit-

553 1562 607 1614 no
625 1537 797 1634 probabili
828 1541 1009 1619 vivimus,
1039 1557 1107 1612 nec
1130 1550 1168 1611 tu
1195 1537 1343 1613 debuisti
1364 1539 1608 1614 adminillrare

556 1637 838 1732 rempublicam
867 1640 949 1733 quia
975 1631 1128 1731 Epicuro
1143 1635 1252 1712 visum
1271 1639 1341 1723 est,
1358 1659 1433 1711 non
1457 1635 1525 1714 esst
1555 1635 1606 1714 fa·

554 1737 722 1813 ciendum
734 1761 743 1811 τ
755 1735 962 1812 adulteravit
972 1737 1080 1828 igitur
1094 1735 1150 1809 ille
1159 1736 1295 1828 juvenis
1314 1737 1509 1832 conjugem
1525 1735 1608 1814 alle·

555 1859 664 1928 nam;
691 1839 752 1930 qui
776 1833 1010 1935 deprehensus
1034 1833 1058 1908 sr
1079 1833 1185 1910 suerit
1208 1881 1216 1909 .
1236 1837 1294 1911 ubi
1322 1852 1357 1910 te
1383 1838 1566 1920 inveniet,
1588 1861 1608 1912 a

556 1957 634 2030 quo
651 1934 884 2011 defendatur?
900 1957 1114 2031 quamquam
1140 1937 1244 2010 eriam
1268 1934 1292 2010 sr
1315 1937 1493 2021 inveniat.
1515 1927 1604 2028 null

557 2033 713 2112 didurus
729 2035 804 2112 ea?
829 2031 984 2129 Negabis
1000 2034 1171 2129 proseslo·
1197 2035 1296 2128 Quid
1318 2034 1342 2108 sr
1374 2053 1446 2109 tam
1470 2034 1607 2112 clarum

558 2135 630 2221 esi,
654 2151 695 2211 ut
716 2133 836 2211 frustra
857 2133 1009 2208 inficiere
1029 2131 1045 2208 l
1064 2130 1283 2210 Persuadebis
1311 2137 1507 2221 nimirum,
1529 2152 1608 2212 tan·

558 2255 667 2333 quana
684 2238 719 2311 in
746 2257 901 2310 cumano
916 2231 1135 2331 Gymnasio,
1160 2250 1267 2332 atque
1286 2236 1375 2310 adeo
1401 2232 1608 2332 Neapolita·

558 2357 611 2410 no
624 2377 637 2416 ,
651 2331 736 2408 nihil
757 2357 838 2408 eum
852 2329 1024 2423 peccasse,
1047 2334 1122 2406 lmo
1140 2341 1269 2417 etiam,
1291 2355 1358 2409 nec
1375 2332 1497 2409 errasl'e
1528 2337 1608 2432 qui·

558 2435 655 2507 dem·
676 2431 764 2510 Non
790 2437 885 2507 enim
900 2430 1100 2507 faciendum
1121 2430 1187 2506 esse
1206 2433 1417 2511 adulterium
1435 2455 1504 2529 pro
1518 2453 1607 2510 vero

557 2530 622 2609 sibi
640 2529 825 2628 persuasit,
841 2523 1022 2629 probabile
1045 2535 1214 2607 accurrit,
1228 2533 1363 2609 secutus
1379 2533 1429 2607 cll
1443 2579 1452 2607 .
1466 2532 1562 2609 fecit·
1574 2571 1609 2605 η

560 2630 632 2710 bed
651 2655 716 2708 vor
740 2654 799 2706 rne
820 2633 931 2729 jocari
959 2632 1199 2724 arbitramini3
1225 2632 1334 2730 liquet
1364 2632 1517 2727 dejerare
1542 2654 1608 2731 per

559 2756 671 2808 omne
695 2734 882 2817 divinum,
912 2730 1042 2807 nescire
1062 2754 1118 2806 me
1140 2732 1303 2826 prorsus.
1325 2736 1523 2827 quomodo
1545 2733 1608 2808 nte

559 2832 991 2933 peccaverit,s1qrrilquis
1016 2830 1052 2904 id
1075 2835 1187 2929 egerit
1202 2885 1212 2917 ‚
1227 2832 1326 2929 quod
1348 2832 1531 2929 probabile
1555 2835 1608 2907 vl·

560 2944 686 3017 detor,
704 2955 778 3009 non
804 2949 983 3027 peccat„
1010 2927 1133 3005 Taceo
1154 2934 1200 3007 de
1233 2933 1459 3015 homicidiis.
1481 2934 1609 3029 parici-

562 3035 654 3115 dio,
675 3032 858 3128 sacrilegiis
883 3080 893 3112 ‚
915 3032 1152 3126 omnibusque
1185 3037 1362 3117 omnino,
1391 3053 1472 3129 quae
1506 3029 1608 3117 fieri,

562 3148 625 3208 aut
660 3135 808 3229 cogitari
834 3129 963 3226 poslrnt
995 3128 1156 3226 flagitiis,
1181 3149 1243 3207 aut
1273 3133 1506 3213 facinoribus,
1528 3144 1611 3222 quae

562 3228 1611 3426 lirini}’iiiiiinliiilrliiiliib‘l:

563 3454 640 3507 non
665 3436 786 3506 errari·
820 3430 1027 3522 Quomodo
1052 3445 1172 3505 autem
1208 3452 1281 3504 non
1309 3430 1482 3509 facerem.
1505 3428 1609 3523 quod

591 3533 746 3606 robabile
774 3530 886 3605 visum
913 3527 1058 3608 esti...
1085 3524 1165 3624 Jam
1184 3529 1268 3604 illud
1284 3531 1362 3625 quis
1384 3551 1458 3603 non
1481 3528 1609 3606 rideri

561 3552 632 3727 spii
653 3630 799 3715 dicunt,
822 3627 908 3704 nihil
926 3627 959 3703 le
982 3630 1017 3702 in
1039 3628 1181 3722 agendo
1204 3631 1297 3727 sequi
1316 3628 1376 3703 nisr
1401 3626 1607 3724 probabile.

561 3732 599 3803 da
633 3743 796 3824 quarunt
823 3747 1042 3823 magnopere
1056 3729 1267 3810 veritatem,
1289 3751 1373 3804 cum
1392 3734 1441 3802 eis
1459 3727 1500 3802 stt
1524 3750 1613 3820 pro·

560 3829 677 3904 babile
692 3853 770 3905 non
793 3826 892 3925 polle
909 3829 1067 3901 inveniri·
1093 3823 1274 3903 Omirum
1299 3828 1518 3904 monssruml
1539 3824 1610 3902 Sed

560 3926 636 4004 hoc
665 3933 901 4004 omittamus.
920 3931 1038 4001 minus
1062 3926 1099 4001 id
1128 3927 1172 4001 ad
1203 3931 1423 4008 nor‚minur
1451 3930 1495 4002 ad
1529 3930 1613 4002 vitra

559 4029 689 4104 noslrae
719 4028 925 4109 discrimen,
956 4030 1073 4101 minus
1097 4027 1141 4103 ad
1161 4025 1384 4103 fortunarum
1410 4027 1611 4121 periculum

557 4132 726 4303 pertinet.
757 4125 847 4203 lslud
871 4126 920 4200 est
943 4125 1113 4223 capitale,
1133 4123 1219 4201 illud
1245 4127 1545 4203 formidolosum,
1569 4126 1613 4199 il·

573 4228 620 4303 ud
642 4230 785 4324 optimo
810 4228 941 4319 cuique
956 4223 1213 4311 metuendum,
1236 4226 1336 4318 quod
1362 4227 1455 4302 nesae
1476 4248 1613 4311 omne.

528 4392 532 4413 2
556 4326 584 4403 li
611 4327 688 4406 lraec
701 4329 792 4405 ratio
812 4327 1004 4425 probabilia
1018 4328 1114 4415 erit.
1135 4347 1219 4407 cum
1243 4326 1430 4426 probabile
1442 4328 1616 4495 οιριίᾳιιειη

1446 4445 1483 4505 n
1499 4446 1565 4500 um
