3700 5425
420 535 491 625 De
521 527 788 623 Sacramento
813 531 1089 623 Matrimonii
1219 530 1304 637 '333'

257 703 519 807 sanguinitatis,
540 705 594 781 vel
612 696 809 792 affinitatis,
830 705 943 783 aliisve
966 698 1228 803 impedimentis
1250 699 1302 779 di·
1321 704 1395 769 itare
1422 707 1492 791 Ept.

239 810 243 817 “
259 812 636 892 timentibus,romano
651 805 813 882 Pontifici
824 807 998 882 reservatae
1007 807 1099 882 liant,
1113 828 1196 881 cum
1216 802 1303 899 pub·
1321 782 1512 922 lfflugss

258 913 372 987 licum
392 908 687 1002 impedimentum
706 904 773 991 est,
793 908 829 979 &
847 908 893 981 de
911 907 1140 981 matrimonio
1162 921 1303 981 contra·
1320 933 1367 1003 ὦ,

259 1009 383 1087 hendo
402 1010 538 1101 agitur,
560 1026 635 1079 non
651 1008 824 1100 permittit
840 1059 851 1092 ,
866 1019 906 1082 ut
923 1002 1087 1103 Episcopi
1104 1005 1158 1079 his
1182 1008 1217 1079 in
1237 1005 1305 1087 cit-

257 1107 477 1206 ,cumstantiis
498 1099 704 1201 dispensent·
733 1101 827 1181 Cum
844 1109 938 1180 enim
951 1110 994 1181 ab
1003 1102 1308 1180 Ecclesiaiinivet.

263 1204 534 1293 nuntientur
561 1207 677 1300 capite
701 1227 853 1281 romano
872 1203 1046 1281 Pontifice
1064 1201 1132 1278 fint
1152 1203 1307 1280 instituta

260 1302 516 1405 impedimenta
550 1307 816 1379 matrimonium
847 1303 1073 1389 dirimentia,
1099 1298 1306 1403 dispensatio

257 1411 360 1505 super
381 1410 428 1480 eis
442 1407 629 1480 communi
643 1406 718 1497 jure
738 1404 780 1478 ad
797 1419 905 1500 caput
926 1400 1122 1482 universalis
1144 1400 1305 1480 Ecclesiae

257 1528 451 1586 romanum
471 1500 704 1593 Pontificem3
725 1527 803 1578 non
825 1505 867 1579 ad
893 1499 1107 1601 Episcopum
1129 1507 1303 1602 pertinet,
1339 1592 1343 1599 ⁸

259 1626 303 1687 ut
322 1606 504 1699 colligitur
520 1626 566 1678 ex
596 1625 672 1698 cap.
702 1608 782 1688 Cum
807 1600 979 1692 inferior,
1004 1597 1086 1679 Ext·
1118 1609 1172 1673 De
1193 1601 1310 1692 Mejn.
1360 1634 1363 1639 ·
1465 1659 1471 1665 .

260 1713 388 1790 attare,
410 1714 451 1774 oe
486 1698 687 1787 obedierim,
722 1700 955 1800 Conciliaque
975 1700 1201 1801 provincialia
1227 1701 1310 1801 plit-

263 1807 373 1889 rima‚
399 1803 531 1882 ritualia
553 1800 805 1888 Ecclesiarum,
829 1803 988 1879 austures
1012 1825 1138 1879 omnes
1162 1800 1198 1878 id
1218 1824 1310 1897 cota·
1432 1826 1442 1848 i

261 1907 425 1986 firmant,
446 1903 482 1976 ἃ
504 1905 750 1979 auctoritatem
773 1903 991 2000 dispensandi
1016 1914 1222 2002 competere
1244 1923 1311 1976 ne-

261 2022 351 2103 gant
373 2001 553 2099 Episcopis
571 2050 583 2084 ‚
604 2025 689 2077 cum
710 2002 895 2098 publicum
913 2002 1212 2099 impedimentum
1229 2000 1314 2089 -est2
1394 2061 1401 2073 ,

262 2105 319 2181 vel
339 2106 382 2178 de
411 2101 659 2177 contrahendo
682 2102 913 2178 matrimonio
935 2104 1064 2199 agitur,
1093 2100 1129 2178 Si
1152 2115 1308 2177 tamena

261 2207 352 2283 Sede
376 2201 568 2296 apostolica
601 2200 802 2276 facultatem
843 2203 1063 2279 obtinuerint
1092 2191 1308 2296 dispensandi

261 2311 367 2382 etiam
390 2310 433 2378 de
456 2299 727 2386 contrahendo,
745 2305 780 2377 δι
801 2300 845 2377 de
865 2302 1011 2399 publico
1025 2301 1307 2398 impedimento.
1332 2365 1336 2387 ,

261 2419 412 2500 urgente
432 2399 649 2486 necessitate,
668 2400 817 2479 dubium
841 2425 917 2478 non
944 2400 1017 2484 est,
1040 2403 1128 2498 quio
1150 2399 1309 2496 legitima

262 2500 478 2679 pilpensent,
505 2525 587 2579 cum
608 2499 872 2587 infamamur
893 2502 993 2581 Sedis
1007 2501 1209 2600 aponoitcae
1230 2496 1310 2578 Ue·

279 2621 382 2699 egati.

542 2780 865 2869 incuti
915 2785 1025 2898 xii,

262 2942 469 3063 Episcopos·
483 2968 666 3062 nunquam
691 2944 788 3121 pgisse
814 2949 1005 3063 dispensare
1026 2951 1198 3069 intentio
1218 2955 1309 3030 con-⁴

313 3049 1244 3247 liitt”‚¹‘tt‘aattlrtritt‘i¹titillantis?
1269 3054 1306 3128 ¹⁸

263 3308 427 3464 Hanc
451 3306 546 3381 enim
569 3302 731 3383 Conciliat
752 3307 820 3404 ipsa
845 3301 1014 3402 gallicana
1039 3308 1310 3402 tumentique,

373 3425 449 3479 tuni
473 3412 668 3481 recentiora
695 3406 873 3503 Episcopis
893 3407 1056 3483 adimunt
1082 3405 1312 3484 facultatem,

266 3504 469 3579 Concilium
495 3504 763 3595 Vermeriense,
790 3523 986 3600 anno752.
1014 3529 1092 3581 cau·
1114 3524 1145 3580 1.
1178 3562 1201 3596 „
1220 3561 1242 3595 „
1271 3502 1312 3585 ln

264 3611 370 3678 tertio
392 3605 504 3696 gradu
524 3606 703 3695 conjuncti
723 3606 948 3704 separantur,
969 3607 1005 3682 de
1030 3605 1110 3700 post
1134 3608 1314 3701 poeniten·

266 3707 351 3776 tiam
380 3703 549 3784 attam‚li
576 3709 622 3779 ita
649 3706 848 3787 voluerint,
866 3706 1044 3781 licentiam
1065 3705 1216 3781 habeant
1239 3703 1314 3783 aliie

264 3804 297 3876 se
319 3808 553 3896 conjungere.
581 3803 623 3879 ln
641 3825 765 3901 quarta
793 3823 910 3880 autem
935 3806 1190 3899 conjuntilone
1214 3802 1237 3877 si
1260 3806 1314 3878 in·

264 3905 362 3979 venti
387 3908 540 3989 tuerint,
558 3926 620 3978 eos
644 3929 718 3979 non
746 3907 964 4001 separamus,
983 3903 1040 3980 sed
1063 3906 1313 4003 poenitentiam

265 4005 313 4074 eie
338 4002 547 4078 indicamus.
575 4007 743 4078 Attamen
771 4006 796 4079 li
822 4005 951 4079 sitium
974 4026 1050 4079 non
1075 4005 1204 4086 suerit,
1235 4003 1315 4078 noi·

265 4099 335 4273 igni
359 4101 560 4180 facultatem
588 4103 831 4201 conjungendi
853 4108 890 4178 in
924 4120 1047 4201 quarta
1084 4104 1313 4203 generatione

293 4223 392 4274 amus
417 4258 439 4292 „
453 4249 488 4293 „-

316 4306 495 4371 Concilium
508 4299 750 4395 compendiense
766 4325 834 4377 ean.
854 4322 884 4378 t,
904 4355 927 4395 ‚‚
938 4355 965 4397 υ
986 4298 1022 4381 Si
1033 4299 1070 4377 in
1084 4313 1207 4401 quarta
1225 4320 1312 4397 pro·

263 4403 369 4494 genie
387 4407 516 4498 reperti
538 4404 669 4477 suerint
691 4397 896 4497 conjunlli,
917 4426 993 4477 non
1020 4401 1238 4500 separamus:
1273 4400 1310 4474 in

262 4505 363 4579 tertie
390 4527 475 4581 vero
502 4503 536 4632 ¹si
558 4502 872 4600 repetitionum,
894 4500 1111 4602 septemve·
1147 4494 1193 4576 lit
1221 4518 1307 4577 eota

1192 4593 1256 4695 qui
