3700 5425
540 566 611 659 De
635 560 819 658 Peccatis
840 571 886 656 in
914 585 1082 707 geticae·
1189 500 1198 587 1'
1271 580 1354 673 587

306 730 1161 828 HincVaureuleCoucilium.auno1368.ait=
1194 788 1251 826 ,,,,
1279 732 1359 813 Ne-

310 870 382 944 que
406 850 500 918 enim
535 832 1172 936 Conlellordebetelleptomptuuad
1189 833 1358 930 factitiu-

309 944 501 1022 uitandum
513 937 557 1014 de
568 937 710 1034 aliquo.
724 940 823 1034 quod
837 934 877 1012 lit
889 934 1038 1013 mortale
1062 952 1270 1035 peccatum,
1291 927 1356 1011 nili

307 1046 351 1123 lit
373 1040 521 1120 inutilis
535 1041 740 1134 Scriptum.
756 1036 880 1113 velSS.
898 1033 1043 1113 Patruui
1066 1031 1267 1130 txpteffum
1284 1074 1356 1127 „a

503 1221 832 1303 REGULA
877 1218 1152 1303 XXXVII.

305 1382 347 1469 lu
369 1380 505 1481 judicio
532 1380 576 1456 de
601 1379 809 1459 mortalibus
826 1383 891 1465 .&
916 1380 1107 1458 venialibus
1128 1382 1280 1478 peccatis
1299 1378 1354 1457 le.

352 1486 490 1564 tendo,
513 1506 590 1557 non
620 1481 669 1556 eli
681 1481 841 1557 habenda
866 1485 957 1559 tatio
982 1480 1268 1566 consuetudinis,
1294 1479 1354 1558 led

360 1588 447 1682 legis
467 1580 558 1668 Dei,
581 1582 741 1657 advetlut
756 1604 862 1679 quam
874 1578 961 1660 uihil
982 1579 1201 1679 praescribere
1213 1580 1353 1677 potest3

359 1691 416 1759 vel
440 1684 561 1779 legum
579 1677 908 1769 ecclefialiicatum,
925 1704 1005 1777 quae
1024 1703 1100 1755 nou
1122 1677 1201 1757 lunt
1217 1682 1357 1756 diutut·
1489 1735 1492 1739 ·

356 1807 403 1864 na
419 1828 431 1860 ,
446 1785 482 1857 &
511 1781 705 1878 prael'ctipta
733 1780 989 1858 conluetudine
1008 1827 1018 1858 2
1040 1776 1272 1877 Eccleliaeque
1303 1794 1355 1859 te·

355 1885 430 1960 cito
458 1882 616 1980 quodam
640 1880 812 1959 consensu
828 1883 1024 1978 abrogata.
1290 1902 1293 1907 '

303 2034 390 2204 N
405 2058 459 2108 Μ
479 2092 502 2129 „
513 2087 535 2128 „
553 2053 698 2134 peccata
713 2037 926 2137 quedam(
943 2039 1052 2132 inquit
1064 2040 1098 2121 S.
1116 2029 1250 2133 August.
1268 2056 1345 2135 ηρ,
1366 2010 1413 2085 De
1424 2016 1554 2090 mortali·

425 2129 482 2211 80.
504 2134 676 2207 linehirdu
695 2131 884 2235 Quamvis
910 2161 1058 2245 [ΜΨ.
1079 2139 1116 2213 ἃ
1142 2136 1318 2213 horrenda
1333 2192 1344 2224 2
1362 2097 1488 2240 33³1le
1502 2122 1553 2166 ve·

308 2258 393 2312 cuna
415 2241 451 2312 iu
471 2233 766 2313 cousuetudinem
790 2240 1042 2325 venerint,aut
1055 2260 1162 2333 petua
1175 2236 1345 2319 ‚autuul-
1363 2255 1489 2329 peccatis
1507 2254 1553 2315 dl.

305 2336 337 2412 la
357 2332 424 2413 elle
449 2339 665 2426 creduntut3
681 2338 788 2436 usque
807 2337 926 2414 adeo,
951 2353 991 2416 ut
1030 2359 1106 2415 uon
1135 2336 1249 2414 lulum
1270 2359 1347 2413 uon
1362 2324 1545 2408 gnostinae.

306 2437 547 2516 occultanda,
571 2456 692 2513 vetum
716 2444 820 2515 etiam
841 2435 1082 2534 predicanda,
1099 2460 1141 2514 ac
1161 2434 1347 2513 diffaman-

302 2536 347 2611 da
367 2538 549 2613 videantur
561 2589 573 2621 ,
587 2537 733 2632 quaudo
748 2591 758 2625 ,
773 2537 861 2614 licut
882 2536 1049 2637 scriptum
1071 2540 1142 2616 eil:
1172 2539 1346 2609 undatur
1363 2560 1481 2641 m,

301 2652 452 2727 peccator
473 2659 507 2704 m
533 2633 699 2730 desideriis
715 2640 827 2709 aalma
846 2634 930 2725 sue,
947 2644 990 2710 el*
1014 2639 1072 2732 qui
1097 2641 1210 2734 iniqua
1230 2641 1347 2732 gerit,

302 2731 559 2816 benedicitur...
592 2735 642 2814 lta
678 2737 788 2815 multa
815 2738 906 2816 mala
928 2741 964 2814 in
983 2755 1140 2836 apertam
1159 2737 1350 2816 consuetu·
1429 2769 1432 2774 ·

302 2836 423 2910 dinem
445 2838 516 2928 jam
536 2859 729 2912 venerunt,
747 2856 785 2913 ut
808 2861 875 2933 pru
892 2837 947 2912 hia
962 2862 1038 2913 nou
1058 2838 1173 2915 sulum
1197 2861 1347 2916 excom·

305 2942 487 3010 municare
514 2937 666 3030 aliquem
695 2934 840 3011 Laicutu
861 2961 937 3012 nou
963 2938 1180 3015 audeamus,
1208 2936 1266 3013 sed
1282 2959 1350 3016 uec

303 3034 482 3111 Clericutn
515 3035 718 3132 degradare·
758 3033 861 3110 Unde
906 3058 989 3111 cum
1015 3059 1239 3132 exponerem
1266 3055 1352 3113 aute

306 3134 445 3231 aliquot
464 3159 575 3210 annos
592 3135 778 3230 Epistulam
792 3140 836 3209 ad
850 3132 1011 3221 Galatas.
1028 3138 1065 3211 in
1091 3158 1137 3211 eo
1165 3134 1240 3232 ipso
1261 3135 1350 3212 loco

302 3239 364 3311 ubi
380 3239 429 3309 ait
445 3236 654 3329 Apostolus:
667 3235 782 3304 Timeo
799 3257 878 3318 vas,
895 3260 934 3305 ne
948 3232 1037 3321 fatte
1056 3232 1125 3323 sine
1147 3233 1240 3318 eausa
1260 3237 1352 3306 labo.

303 3340 450 3404 iuverim
470 3340 504 3404 in
517 3332 632 3421 vobis,
647 3335 844 3411 exclamare
866 3333 1070 3435 compulsus
1084 3333 1180 3412 sum:
1203 3335 1257 3406 Va
1275 3354 1351 3429 pec.

302 3438 386 3504 catis
411 3433 632 3518 huminum,
658 3458 737 3530 quae
765 3435 835 3512 l'ola
859 3436 1020 3512 iuulitata
1041 3433 1351 3526 exhorrescimuse

305 3534 427 3612 usitata
448 3559 554 3619 veto,
569 3559 635 3633 pro
654 3539 781 3631 quibus
806 3536 987 3612 abluendis
1007 3531 1085 3611 Filii
1115 3534 1183 3612 Dei
1211 3531 1351 3634 sanguin

303 3631 430 3709 effulus
446 3637 494 3709 eli
507 3690 518 3720 ‚
529 3639 689 3733 quamuis
702 3653 772 3710 tam
789 3658 916 3809 maffna
930 3634 996 3711 sint
1008 3683 1019 3719 ‚
1033 3654 1072 3711 ut
1085 3637 1236 3710 omnino
1254 3637 1352 3712 clau·

302 3738 340 3808 di
357 3734 852 3831 coutralelaciantreguuml
877 3738 924 3810 ei,
945 3733 1033 3829 saepe
1053 3733 1209 3810 videndo
1227 3740 1350 3815 omnia

301 3838 452 3910 tolerare
470 3889 480 3918 ,
496 3835 583 3929 laepe
596 3833 783 3910 tolerando
805 3833 977 3913 nonnulla
995 3837 1100 3911 etiam
1119 3833 1349 3931 factrecogi·

302 3957 396 4009 mut·
422 3936 541 4029 Atque
560 3940 718 4020 utinam,
742 3957 766 4010 o
792 3931 975 4019 Domine,
998 3955 1076 4009 uun
1097 3935 1219 4009 omnia
1232 3983 1244 4021 ,
1266 3954 1347 4032 quae

301 4056 379 4109 nou
404 4037 627 4130 potuerimus
650 4036 863 4128 prohibete,
883 4032 1050 4110 iaciamut
1074 4088 1096 4126 „
1110 4077 1146 4125 „.

352 4133 398 4202 Et
423 4137 481 4203 ul.
507 4150 542 4225 3.
567 4143 687 4201 cunm
717 4130 892 4226 Epistulam
933 4138 1170 4218 parmeniani,
1203 4152 1278 4231 cap.
1307 4148 1346 4216 2.

299 4282 323 4324 aa
343 4286 366 4323 „
390 4234 444 4310 llu
461 4234 575 4321 forte,
598 4233 727 4326 inquit,
745 4257 848 4330 parva
867 4230 1200 4310 luminalumina,
1217 4234 1348 4324 &pet-

302 4336 338 4408 vi
363 4332 825 4408 altimandalsolentenim
844 4333 893 4410 isti
907 4338 1013 4407 etiam
1027 4331 1100 4407 hoc
1114 4334 1348 4426 dicerupen·

301 4432 413 4507 lantes
434 4457 474 4507 ea
502 4457 578 4509 nou
605 4437 640 4506 iu
658 4433 780 4508 lietera
806 4455 905 4529 aequa
924 4434 1128 4508 diuinarum¹
1148 4430 1349 4526 Scriptura·

300 4531 481 4672 tum,led
508 4542 545 4610 iu
572 4531 694 4614 statera
712 4532 834 4616 dolosa
862 4533 1160 4614 euuluetudinum
1180 4528 1348 4709 luaiigm

1194 4651 1256 4728 qul
1290 4715 1301 4727 .
