3700 5425
438 547 496 653 8⁶
617 532 771 629 T¹¹⁰0l
794 534 907 646 Dora
923 528 1127 651 &slent
1148 535 1321 661 tran
1420 552 1429 569 ·

439 704 663 786 contrahitur
687 728 749 805 ptr
776 704 980 803 legitimum
1004 706 1140 797 visit&
1165 707 1317 798 mulieris
1338 713 1488 795 consen„⁸

438 805 514 897 sum
528 831 539 900 3
553 806 608 883 sed
625 803 807 882 necessaria
829 804 909 880 sunt
922 822 1096 904 quantum
1117 808 1160 881 ad
1179 808 1364 901 Ecclesiam
1380 816 1486 899 verba

439 905 648 997 consensum
668 907 899 1000 exprimentia
928 906 972 978 de
999 905 1167 1000 prasenti·
1193 906 1287 993 Nam
1309 909 1423 988 surdi,
1447 918 1486 990 do

440 1010 532 1086 muti
558 1002 701 1100 possunt
725 1002 936 1093 contrahere
963 1008 1230 1089 matrimonium
1252 1031 1312 1102 per
1337 1013 1487 1095 consen,

438 1104 516 1191 sum
545 1121 711 1189 mutuum
734 1102 804 1185 stne
823 1105 960 1185 verbus
980 1106 1017 1183 dr
1040 1109 1138 1197 pueri
1161 1124 1243 1197 ante
1262 1132 1374 1195 annor
1398 1112 1489 1210 legi,

442 1208 551 1293 timos
582 1228 644 1302 per
668 1203 772 1292 rerba
790 1200 860 1290 sula
887 1225 962 1283 non
991 1203 1228 1294 contrahunt.
1250 1230 1335 1300 cum
1361 1213 1490 1301 intelli.

441 1321 574 1401 gantur
597 1304 742 1394 minime
769 1301 966 1393 consentire
990 1352 1058 1393 „„,

446 1406 450 1415 “
494 1402 594 1481 Idem
620 1400 788 1497 Pontifex
817 1405 1082 1496 interrogatus,
1108 1402 1195 1507 quid
1221 1405 1306 1498 iuris
1340 1405 1422 1499 esset
1448 1412 1487 1505 in

443 1504 545 1594 causa
572 1498 820 1595 matrimoniali
845 1501 906 1591 riri
931 1499 1140 1595 cuiusdam,
1166 1508 1227 1600 qui
1248 1507 1429 1584 mulierem
1448 1512 1487 1597 in

446 1604 591 1701 proptia
617 1603 761 1707 quidem
782 1596 928 1702 persona
947 1599 1234 1698 desponsaverat,
1256 1605 1313 1698 sed
1334 1608 1488 1692 alienum

446 1727 582 1782 nomen
605 1705 801 1793 mentitus,
825 1698 981 1776 dicendo
1002 1704 1196 1785 nimirumr
1223 1705 1375 1791 joannes
1396 1728 1430 1785 rc
1451 1732 1489 1779 m

448 1826 583 1885 uxorem
606 1800 754 1894 accipit,
781 1822 865 1884 cum
887 1796 1044 1901 Joanttes
1069 1804 1139 1894 iple
1163 1825 1238 1890 non
1276 1824 1489 1889 vocaretuta

446 1902 505 1980 sed
541 1901 681 1995 Petrus,
701 1902 737 1975 dr
765 1899 884 1996 postea
908 1923 992 1977 cum
1019 1904 1088 1994 ipsa
1116 1904 1283 1997 copulam
1314 1908 1488 1995 carnalem

447 2017 675 2087 exercuerat,
696 2022 763 2079 nec
787 2014 907 2078 tamen
931 1998 1156 2096 propositum
1184 2003 1295 2095 ullum
1319 2005 1489 2095 habuerat

444 2103 554 2198 ipsam
576 2099 729 2178 docendi
747 2102 781 2174 in
805 2122 957 2187 uxorem
970 2124 981 2193 3
996 2113 1058 2175 aut
1081 2100 1251 2185 ullatenus
1271 2106 1489 2197 consenserat

446 2207 483 2292 in
505 2199 850 2297 conjugalesnadum
870 2197 1080 2295 responderi
1104 2256 1159 2296 ‚‚‚‚
1186 2200 1300 2303 Quod
1325 2204 1410 2292 slita
1434 2229 1489 2281 res

446 2302 480 2395 se
506 2301 686 2395 habuerit3
709 2299 888 2391 videlicet,
912 2301 1012 2396 quod
1037 2292 1094 2375 ille
1113 2325 1190 2375 eam
1206 2326 1279 2380 non
1306 2306 1492 2401 proposuit

449 2404 581 2478 ducere
598 2405 631 2475 in
655 2421 829 2487 uxorem,
850 2420 916 2489 nep
937 2422 1095 2496 unquam
1115 2400 1288 2487 consensrt
1309 2407 1343 2478 in
1367 2409 1493 2498 pram.

447 2503 538 2581 {lam
564 2499 776 2598 personam,
798 2521 872 2586 non
894 2497 1000 2581 debet
1023 2521 1068 2583 ex
1085 2499 1147 2574 illo
1164 2499 1257 2586 sudio
1280 2508 1493 2601 coniugium

446 2603 624 2697 judicari,
649 2622 732 2690 cum
753 2601 788 2682 in
814 2619 949 2688 conec
974 2598 1156 2688 substantia
1184 2603 1379 2696 conjugalis
1403 2626 1496 2680 con·

448 2702 599 2792 rtatim,
629 2723 695 2776 nec
729 2696 844 2790 forma
871 2696 1107 2794 contrahendi
1137 2702 1347 2798 coniugium
1381 2704 1497 2792 valeat

447 2803 650 2879 interveniri
663 2818 672 2888 3
687 2800 857 2895 qnoniam
874 2821 921 2890 ex
938 2795 1042 2892 altem
1061 2799 1273 2894 partedolut
1297 2802 1497 2895 solummo-

449 2902 499 2991 do
521 2901 649 2986 adsuit,
665 2902 701 2975 δι
715 2898 826 2974 desuit
846 2899 1219 2994 omninoconsrnsus,
1236 2899 1308 2992 stne
1329 2925 1404 2997 quo
1425 2925 1498 2980 caa-

449 3018 523 3078 tera
540 3018 722 3100 nequeunt
735 2997 853 3095 soedus
875 2996 1043 3098 perlicere
1066 3001 1255 3104 conjugale
1280 3051 1350 3094 ‚,‚‚,
1374 3006 1392 3097 (
1404 3002 1497 3098 Cap.

448 3095 523 3193 Tun
541 3107 616 3191 nori
635 3096 704 3193 Eut
744 3101 797 3182 De
819 3094 1040 3188 Sponsalr'butr
1062 3109 1102 3171 (a
1124 3102 1377 3186 matrimonia)

499 3201 542 3278 ld
558 3203 662 3288 etiam
685 3196 876 3292 confirmat
905 3199 1068 3296 sugerius
1088 3199 1149 3274 IV.
1178 3200 1214 3288 in
1240 3198 1398 3286 Decrero
1425 3224 1496 3298 pto

448 3302 675 3397 instructione
692 3305 928 3393 rlrrnenorum
942 3301 1020 3395 post
1032 3294 1235 3390 Concilium
1244 3296 1496 3380 Florentinum

449 3401 576 3489 edito,
600 3398 776 3492 asserem,
801 3415 966 3491 mutuum
1001 3395 1207 3486 consensum
1236 3402 1429 3490 pefveroa
1450 3400 1499 3484 do

448 3501 608 3597 praesenti
628 3499 695 3575 esse
718 3498 852 3593 causam
879 3495 1090 3592 efficientem
1115 3499 1329 3576 matrimonii
1350 3546 1360 3580 ‚
1384 3502 1499 3593 Regu.

444 3601 573 3689 iniat.
605 3599 696 3695 Quo
714 3600 881 3689 adverbio
901 3597 978 3675 usus
990 3598 1038 3682 tll
1052 3609 1199 3692 propter
1216 3597 1392 3693 sponsalia
1404 3623 1498 3676 con·

443 3699 579 3790 sensum
600 3697 662 3795 per
687 3700 789 3787 rerba
810 3695 854 3770 de
874 3693 996 3772 futuro
1014 3696 1272 3792 exprimentia,
1298 3701 1400 3794 quae,
1415 3702 1496 3793 juro

443 3802 573 3890 ueteri,
587 3797 694 3899 nsque
716 3797 759 3885 ad
774 3793 926 3886 Concilii
944 3794 1043 3877 Trid.
1070 3796 1420 3892 promulgationem,
1440 3801 1493 3876 via

370 3945 376 3964 ·
474 3918 571 3986 ente.
585 3896 935 3988 remuneranda,
950 3898 985 3978 in
998 3896 1265 3987 matrimonium
1277 3895 1468 3987 transibant
1483 3922 1496 3993 r

444 3925 514 4077 §ed
537 3997 744 4078 Tridentino
771 3994 944 4092 Synodus
976 3993 1045 4074 sels·
1058 4012 1117 4080 24.
1166 3998 1220 4063 De
1244 3990 1495 4083 &formatione

443 4092 660 4178 Matrimonii
680 4119 758 4191 cap.
775 4116 805 4165 ι.
830 4093 886 4188 jus
904 4093 991 4172 illud
1014 4098 1198 4191 antinoum
1212 4096 1421 4190 abrogavit,
1445 4105 1495 4184 ita

396 4267 399 4272 .
447 4202 664 4292 decernens3
688 4252 709 4287 ‚,
725 4250 747 4285 ,‚
776 4191 852 4288 Qui
866 4191 965 4268 aliter
985 4217 1091 4289 quam
1115 4193 1284 4291 prasente
1308 4196 1495 4291 paroclroa

449 4300 505 4384 vel
525 4295 594 4372 alio
620 4290 812 4374 Sacerdote
839 4292 883 4368 de
903 4290 1011 4386 ipsius
1025 4294 1181 4392 paroclri
1201 4346 1213 4379 ,
1237 4293 1294 4372 seu
1311 4291 1496 4380 Ordintrii

448 4399 586 4496 licentia
599 4396 654 4474 ‚dr
673 4395 835 4474 duobus,
852 4389 906 4467 vel
921 4391 1031 4470 tribus
1042 4396 1204 4476 testibus,
1223 4398 1493 4489 matrimonium

448 4495 659 4592 contrahere
684 4493 946 4591 attenuabant,
964 4503 1027 4592 eor
1049 4491 1162 4592 laurio
1187 4493 1356 4600 Synodps
1379 4495 1423 4570 ad
1447 4495 1498 4595 sip

1021 4603 1028 4619 ⁸
1218 4606 1224 4616 '
1352 4615 1442 4680 COR·
