3700 5425
373 686 379 713 ¹
514 584 585 677 Da
620 587 804 678 Peccatis
834 588 880 676 in
902 587 1073 701 genere}
1158 574 1162 583 ¹
1258 589 1342 705 ⁶⁷3

306 773 376 855 qua
401 758 520 853 potius
537 758 801 853 qualibetnrala
820 757 987 846 tolerare,
1010 767 1117 854 quatit
1138 754 1232 833 malo
1250 757 1338 833 con·

304 860 429 931 l'entire
453 859 634 962 decernit3
651 859 765 937 nullus
787 870 905 937 autem
926 861 1194 956 magnanimus,
1214 849 1249 932 dc
1271 872 1339 949 pd-

290 956 403 1031 dicus
433 959 468 1030 in
494 959 664 1052 potestate
690 959 835 1041 habeat,
859 958 1013 1057 quidde
1041 956 1099 1034 lua
1122 975 1225 1032 carne
1255 954 1338 1050 liatt

303 1054 361 1130 sed
376 1071 514 1131 tantuna
535 1060 619 1151 quid
642 1075 772 1134 annuat
794 1076 932 1149 utente,
957 1056 1010 1132 tel
1031 1074 1173 1148 renuat3
1193 1058 1268 1154 quis
1283 1066 1341 1143 euj-

303 1156 386 1229 dem
407 1153 483 1228 sana
507 1172 625 1231 niente
649 1159 821 1250 putaverit
840 1156 874 1232 se
892 1158 1036 1253 perdere
1056 1155 1288 1251 pudicitiam
1313 1150 1340 1249 li

302 1253 397 1328 forte
423 1257 458 1327 in
478 1254 712 1349 apprehensa,
735 1259 771 1333 dt
791 1244 951 1354 oppressa
971 1279 1074 1330 carne
1100 1254 1156 1331 lua
1177 1276 1341 1345 exercea-

302 1368 383 1434 tur,
399 1353 435 1426 ἃ
454 1357 635 1448 expleatur
653 1354 763 1433 libido
782 1380 858 1453 non
881 1352 962 1435 lua?
986 1356 1022 1431 Si
1046 1359 1140 1453 enini
1165 1352 1237 1429 huc
1257 1374 1342 1428 mu·

302 1453 352 1526 tlo
381 1452 548 1547 pudicitia
578 1460 694 1550 perit,
722 1456 880 1552 prolecto
907 1456 1073 1553 pudicitia
1098 1457 1205 1529 virtus
1231 1450 1340 1535 animi

302 1572 379 1625 non
413 1555 497 1644 erit;
520 1574 586 1628 nec
608 1559 796 1650 pertinebit
821 1554 865 1632 ad
890 1579 930 1631 ea
948 1556 1042 1630 bona
1062 1609 1072 1637 ‚
1096 1555 1222 1649 quibus
1248 1549 1339 1626 berte

301 1654 455 1735 uiuitur,
478 1651 535 1727 led
561 1655 597 1726 iu
622 1654 725 1728 bonis
749 1678 812 1730 cur
841 1656 911 1730 oria
928 1650 1201 1739 'numerabiturt
1224 1650 1338 1746 qualia
1457 1743 1463 1751 ἱ

300 1745 381 1826 lunt
405 1752 514 1836 vites,
535 1751 788 1847 pulchritudo,
814 1679 892 1830 Pana
921 1756 1127 1851 integraque
1149 1749 1336 1836 valetudo,

300 1871 343 1924 tc
370 1848 394 1923 li
427 1853 512 1945 quld
540 1850 742 1944 hujusmodi
766 1853 840 1946 ell3
866 1876 945 1950 quae
971 1856 1090 1937 bona,
1113 1848 1244 1927 etiamli
1272 1852 1339 1924 rni-

300 1965 481 2033 nuantur,
506 1951 638 2026 bonam
658 1953 853 2050 justamque
880 1955 987 2028 ritant
1005 1953 1157 2028 omnino
1182 1961 1256 2024 non
1272 1932 1339 2023 nti·

301 2061 430 2126 nuuut.
459 2046 619 2141 Quodsi
647 2052 715 2129 tale
738 2052 868 2149 aliquid
895 2052 943 2128 est
965 2040 1158 2149 pudicitia,
1185 2063 1225 2125 ut
1250 2044 1338 2144 quid

300 2161 369 2243 pro
392 2145 466 2234 illa,
488 2173 533 2224 ue
563 2153 761 2235 amittatur,
782 2157 886 2227 etiam
911 2174 995 2228 curn
1020 2144 1179 2244 periculo
1205 2154 1340 2240 corpo·

301 2248 346 2321 ris
366 2239 569 2324 laboratur?
590 2249 625 2328 Si
642 2262 760 2328 auteni
781 2254 887 2329 animi
900 2253 1037 2327 bonum
1053 2249 1122 2324 est·
1144 2250 1248 2325 etiarn
1271 2269 1340 2343 op-

300 2342 427 2441 prellto
449 2369 602 2442 corpore
636 2375 711 2426 non
738 2353 920 2428 amittitur·
958 2348 1188 2446 Quinetiam
1217 2347 1338 2421 lanlloe

300 2450 530 2523 continentiae
560 2450 732 2537 bonurn,
769 2472 852 2527 curn
882 2449 1116 2525 immunditia
1146 2446 1339 2522 carnalium

301 2545 664 2641 concupiscentiarum
691 2568 766 2625 non
789 2550 907 2634 cedit,
931 2543 967 2626 dr
988 2546 1100 2642 ipsum
1120 2544 1339 2644 corpussan-

302 2642 500 2733 tlilicaturt
528 2646 669 2741 &ideo
693 2673 777 2727 cum
798 2648 846 2725 ¹eia
873 2665 948 2726 non
983 2649 1107 2725 cedere
1134 2624 1339 2730 inconculla

300 2744 498 2819 intentione
517 2746 686 2841 persistit,
710 2772 776 2825 nec
798 2750 844 2823 de
867 2750 942 2845 ipio
970 2770 1124 2844 corpore
1152 2750 1241 2841 perit
1265 2744 1341 2820 lan·

301 2844 519 2938 urrunnun
544 2868 588 2920 eo
609 2846 719 2923 tanate
737 2847 858 2925 utendi
887 2847 1079 2942 perleverat
1096 2845 1278 2925 voluntas.
1302 2833 1339 2917 dc

301 2955 477 3038 quantum
516 2948 550 3018 in
576 2943 650 3038 iplo
674 2946 869 3031 est,etianr
894 2943 1058 3021 facultas.
1088 2942 1216 3041 Neque
1243 2945 1340 3019 eninr

301 3064 347 3118 eo
365 3063 496 3135 corpus
516 3042 667 3120 lantiunt
693 3039 769 3121 cll,
790 3046 890 3144 quod
914 3047 988 3137 ejus
1016 3046 1172 3119 membra
1192 3042 1271 3119 lunt
1287 3046 1342 3115 in·

302 3157 420 3236 tegra.
440 3155 501 3217 aut
517 3166 581 3234 eo,
596 3143 695 3241 quod
710 3145 809 3220 nullo
823 3144 1085 3221 contretlantur
1098 3142 1244 3233 arnum
1255 3150 1340 3241 cunt

301 3239 407 3339 polilt
428 3240 568 3318 divertis
594 3248 699 3319 etiarn
723 3243 857 3321 casrbns
878 3244 1057 3319 vulnerata
1086 3246 1156 3318 vim
1180 3244 1339 3339 perpeti.

302 3342 339 3416 δι
367 3340 495 3417 medici
524 3345 714 3440 aliquando
735 3343 833 3420 saluti
869 3342 1082 3437 opitulantes
1112 3341 1187 3416 haec
1224 3342 1270 3416 ibi
1289 3339 1341 3413 la·
1390 3421 1392 3425 ³

303 3443 417 3522 ciant,
432 3462 511 3536 quat
532 3442 652 3518 horret
668 3442 829 3538 arpertus.
860 3437 1044 3520 Obstetrix
1064 3442 1206 3539 virginis
1224 3435 1342 3532 cujul-

302 3538 384 3615 dam
405 3542 641 3635 integritatem
663 3568 771 3632 ntuiu
794 3541 889 3619 velut
908 3544 1123 3639 explorans,
1146 3539 1214 3614 live
1235 3540 1343 3614 male-

302 3639 478 3722 volentia,
498 3638 568 3717 live
585 3642 736 3728 inscitia,
758 3641 828 3718 lire
854 3642 951 3729 casu,
968 3641 1055 3718 dum
1082 3639 1237 3734 inspicit,
1261 3660 1344 3735 pct-

302 3738 403 3814 didit·
441 3736 529 3815 Non
562 3747 693 3836 opinor
718 3765 934 3839 quernquant
962 3756 1033 3818 tarn
1069 3740 1169 3816 stulte
1200 3737 1342 3835 sapere·

302 3854 345 3916 ut
378 3837 462 3914 huic
489 3838 620 3935 periille
649 3842 779 3939 aliquid
803 3842 977 3918 existimet
998 3897 1008 3926 ‚
1029 3844 1133 3915 etiarn
1164 3838 1207 3913 de
1235 3836 1342 3937 ipsius

303 3942 466 4035 corporis
495 3938 688 4025 landricurt,
710 3945 870 4037 quamvis
902 3944 1051 4015 mentbti
1076 3939 1166 4015 illius
1196 3939 1345 4032 integri-

304 4048 376 4115 tate
394 4041 464 4129 jatu
484 4043 627 4129 perdita.
653 4038 834 4133 Quocirca
859 4039 1045 4137 proposito
1073 4039 1179 4113 animi
1207 4059 1345 4132 penna·

303 4153 433 4215 utute,
461 4160 523 4231 per
546 4139 646 4235 quod
672 4144 776 4215 etiarn
811 4164 942 4229 corpus
972 4137 1168 4214 sanliilicari
1192 4139 1341 4220 meruit.

302 4234 445 4333 neciplt
466 4241 609 4336 corpori
633 4240 744 4315 aufert
766 4238 978 4315 sanititatem
1005 4238 1170 4312 violentia
1193 4234 1345 4309 libidinis

300 4336 447 4412 alienae2
476 4358 584 4434 quam
607 4338 715 4413 lervat
737 4338 986 4435 perseverantia
1010 4339 1239 4413 continentiae
1265 4331 1348 4410 lua·

305 4438 362 4512 An
382 4458 468 4510 vero
491 4434 516 4510 st
542 4441 658 4537 aliqua
681 4437 820 4514 famina
845 4451 966 4513 mente
986 4448 1176 4531 corrupta,
1195 4428 1347 4508 violato·

304 4557 376 4634 quc
397 4534 605 4634 propolitoa
622 4538 724 4639 quod
746 4536 830 4617 Deo
853 4552 1023 4622 voverat,
1046 4550 1168 4649 pergat
1194 4528 1348 4611 vitianda
1386 4599 1394 4616 x

774 4638 908 4719 Uua
1240 4630 1285 4709 td
