3700 5425
559 552 647 649 '218
756 546 913 647 Theoi
937 548 1282 666 mogontoni.
1303 551 1397 654 Lib.
1418 556 1475 652 11.

470 760 472 776 =
563 723 724 820 subjicio.
751 777 808 814 ,‚„
834 720 982 820 Quicun
1011 747 1056 799 ue
1081 746 1120 800 re
1171 723 1249 801 laris
1273 727 1469 823 protendat
1487 728 1521 808 se
1542 755 1614 829 per-

563 828 664 900 vim,
683 824 721 898 dc
734 839 869 898 metum
890 825 989 917 ingre
1019 846 1079 901 um
1101 746 1169 903 ess:
1181 825 1409 921 religionem,
1426 845 1486 907 aut
1498 837 1605 917 etiarn

561 920 770 1006 dicat,ante
787 935 925 997 atatem
938 922 1092 998 debitam
1111 922 1300 1022 professum
1313 925 1429 1016 fuisse,
1442 946 1503 1007 aut
1517 935 1605 1031 quid

560 1020 694 1105 simile,
712 1021 865 1120 velitque
878 1019 1039 1099 habitum
1052 1025 1228 1099 dimittere
1242 1031 1509 1129 quacunquede
1521 1052 1605 1113 cau.

560 1120 616 1199 sa,
637 1122 819 1198 autetiam
845 1143 928 1197 cum
950 1118 1072 1200 habitu
1091 1123 1266 1200 discedere
1285 1123 1356 1200 srne
1377 1128 1514 1206 licentia
1534 1133 1602 1210 Su·

559 1223 768 1320 periorum3
783 1242 859 1295 non
872 1219 1030 1297 audiatur
1043 1219 1103 1297 nist
1121 1228 1209 1298 intra
1222 1227 1506 1325 quinquennium
1525 1247 1603 1306 tan.

559 1334 639 1397 tum
659 1342 679 1394 a
699 1318 755 1396 die
777 1316 1070 1417 professionem
1095 1338 1182 1401 tunc
1202 1347 1277 1400 non
1298 1323 1414 1412 aliter,
1437 1327 1498 1404 nifi
1518 1352 1601 1406 cau.

557 1419 733 1516 sas.quas
765 1417 1012 1518 praetenderit,
1037 1421 1225 1502 deduxerit
1260 1446 1382 1501 coram
1408 1425 1599 1523 Superiore

556 1518 640 1597 suo.
657 1520 693 1594 &
706 1517 912 1598 Ordinario.
938 1518 1092 1611 Quodn
1114 1537 1215 1596 antea
1230 1519 1388 1600 habitum
1404 1525 1529 1623 sponte
1543 1530 1598 1609 di.

555 1620 705 1704 miserit,
720 1617 919 1695 nullatenus
931 1617 976 1698 ad
995 1618 1219 1715 allegandum
1241 1645 1495 1722 quamcunque
1515 1649 1598 1705 cau.

554 1716 629 1794 sam
649 1717 946 1811 admittatu13sed
965 1717 1009 1795 ad
1025 1720 1274 1799 monasterium
1295 1722 1405 1798 redire
1423 1743 1596 1822 cogatur,

554 1818 594 1899 dc
620 1834 789 1916 tanquam
814 1817 981 1912 Apostata
1008 1820 1199 1914 puniatur3
1219 1823 1359 1901 interim
1383 1847 1469 1903 vero
1494 1826 1595 1906 nullo

504 1928 510 1938 '
553 1917 744 2018 privilegio
771 1916 840 1993 suae
869 1917 1051 2013 religionis
1077 1919 1219 2013 juvetur
1245 1975 1316 2011 ,‚„.

604 2017 720 2113 Quod
743 2034 862 2094 autem
888 2014 1059 2097 Prolesfio
1090 2017 1299 2114 praesumpta
1326 2023 1594 2117 matrimonium

552 2116 715 2201 dirimat,
732 2116 892 2214 quamvis
917 2119 954 2191 in
980 2116 1064 2193 soro
1086 2118 1309 2197 conscientia
1347 2120 1441 2197 nulla
1458 2169 1466 2197 2
1481 2128 1518 2200 δι
1545 2128 1593 2199 ir.

550 2220 617 2295 rita
642 2215 683 2293 fit
711 2216 889 2312 colligitur
911 2239 958 2295 ex
983 2238 1061 2291 can.
1087 2218 1207 2311 Neque
1239 2220 1390 2297 Viduas,
1418 2223 1514 2298 causa
1531 2241 1592 2318 27.

580 2339 661 2396 u.1.
681 2319 742 2414 qui
762 2315 812 2392 est
831 2313 953 2403 Gelafii
972 2312 1072 2410 Papa
1093 2313 1289 2394 scribentist
1309 2373 1331 2410 ,‚
1343 2373 1365 2410 ‚,
1392 2316 1521 2416 Neque
1540 2327 1592 2398 vi·

548 2339 637 2492 duas
656 2417 700 2492 ad
727 2417 867 2514 nuptias
891 2413 1032 2490 transire
1059 2420 1235 2512 patimur,
1258 2438 1338 2515 quae
1364 2418 1589 2517 inreligioso

548 2513 739 2615 proposito
766 2515 931 2592 diuturna
951 2513 1195 2591 observatione
1220 2514 1494 2613 permanserunt.
1536 2522 1590 2597 Si·

546 2615 676 2692 militer
693 2612 858 2713 Virgines
874 2615 1005 2691 nubere
1017 2612 1265 2709 prohibemus.
1280 2637 1365 2714 quas
1383 2621 1483 2694 ,annis
1511 2620 1590 2717 plu.

544 2720 646 2797 rimis
666 2718 703 2791 in
716 2713 931 2792 monasteriis
946 2730 1084 2792 atatem
1098 2710 1468 2811 peregissecontigerit
1491 2774 1512 2810 „
1527 2768 1562 2809 ‚‚.

597 2813 696 2892 Idem
711 2837 758 2891 ex
778 2812 866 2892 Can·
891 2813 1037 2890 Viduas,
1051 2815 1114 2908 qui
1132 2814 1181 2894 est
1198 2811 1588 2895 ConciliiTriburienlia

543 2914 733 3011 vigesimus
756 2918 900 3012 quintus
928 2906 1114 3006 (ibidem)
1142 2969 1199 3005 ,‚„
1222 2913 1302 2991 Noa
1322 2930 1441 2996 autem
1465 2918 1588 2996 auito.

542 3016 646 3094 ritate
673 3012 815 3089 Patrum
843 3014 972 3091 suffulti
996 3016 1032 3088 in
1055 3012 1129 3089 hoc
1149 3012 1266 3093 sanilo
1289 3011 1456 3091 Concilio
1476 3017 1586 3097 sanci.

541 3137 646 3193 muer
666 3115 702 3188 dt
720 3116 826 3190 libere
844 3115 1061 3208 judicamus,
1080 3111 1103 3187 fi
1124 3112 1250 3208 sponte
1268 3112 1424 3191 velamen
1438 3170 1448 3199 ,
1461 3138 1587 3212 quam·

541 3217 595 3290 vis
617 3237 692 3291 non
713 3212 956 3291 consecratum
983 3213 1043 3288 srbi
1072 3210 1301 3309 imposuerit,
1323 3214 1359 3286 δι
1375 3218 1408 3286 in
1435 3212 1585 3294 Ecclesia

540 3316 633 3394 inter
666 3313 792 3388 velatas
815 3310 901 3396 Deo
926 3312 1148 3389 oblationem
1172 3312 1366 3390 obtulerit,
1390 3313 1497 3392 velit>
1517 3338 1584 3392 no.

537 3412 600 3496 lit,
617 3412 851 3496 sandimoniae
885 3411 1047 3489 habiturn
1079 3410 1222 3486 ulterius
1246 3409 1373 3483 habere
1400 3409 1525 3507 debet;
1541 3415 1583 3488 li,

536 3529 597 3591 cet
616 3513 843 3590 Sacramenro
862 3509 1073 3587 confirmare
1097 3508 1194 3590 velit,
1218 3532 1263 3583 eo
1286 3524 1433 3584 tenore,
1464 3514 1500 3587 dr
1528 3537 1583 3589 ra.

535 3616 636 3692 tione
662 3610 725 3688 srbi
749 3612 909 3691 velamen
932 3603 1154 3706 imposuisse,
1175 3621 1216 3689 ut
1232 3610 1360 3687 iterum
1382 3607 1496 3705 pollet
1519 3612 1581 3691 de·

534 3735 674 3820 ponere
698 3758 767 3803 ,‚„.
919 3805 928 3822 ·
1113 3804 1121 3821 ι
1202 3806 1208 3821 .
1415 3808 1424 3824 θ

588 3811 631 3889 Et
655 3809 686 3887 C
778 3805 887 3903 Qud
912 3798 1150 3898 rerumgesta,
1174 3802 1250 3882 dlst·
1269 3819 1327 3898 27.
1364 3807 1576 3888 Nicolausl,

532 3911 674 3994 statuit,
687 3833 777 3999 ff„
792 3963 814 3999 ‚‚
841 3903 1010 3991 Femina,
1030 3927 1109 4002 quae
1130 3904 1210 4000 post
1230 3903 1368 3980 obitum
1387 3911 1500 3984 mariti
1526 3908 1576 3987 sui

531 4011 668 4090 sacrum
683 4006 843 4083 velamen
868 4004 969 4099 super
991 4021 1099 4101 caput
1121 4004 1222 4086 suum
1243 4004 1432 4100 imposuit,
1449 4009 1485 4082 sc
1507 4007 1576 4084 lin.

531 4113 589 4193 xit
601 4108 702 4185 sesub
720 4106 848 4183 eodem
864 4103 1036 4180 velamine
1048 4102 1343 4182 sanctimonialem
1354 4102 1441 4191 else,
1455 4109 1575 4201 postea

530 4232 622 4286 veru
650 4205 855 4303 adnuntias
880 4203 1005 4279 rediit:
1032 4205 1114 4299 quia
1137 4225 1199 4301 per
1224 4200 1439 4301 hypocrisim
1463 4208 1578 4283 eccle.

529 4306 698 4394 siasticam
736 4302 909 4402 Regulam
934 4306 1146 4380 conturbare
1167 4302 1295 4386 voluit,
1316 4304 1353 4378 δι
1378 4327 1452 4380 non
1484 4307 1574 4404 legi.

528 4413 620 4489 time
646 4408 684 4480 in
705 4422 794 4481 voto
823 4404 887 4480 suo
911 4400 1127 4498 permansrtr
1155 4415 1194 4478 ut
1225 4405 1473 4496 poenitentiam
1488 4421 1571 4500 agat

528 4510 576 4596 dr
586 4503 748 4595 tuumne
761 4502 921 4599 nefanda.
935 4502 1173 4590 &revertatur
1182 4500 1229 4589 ad
1239 4502 1287 4592 ld,
1303 4504 1402 4612 quod
1417 4504 1576 4694 lpdqqron.
