3700 5425
561 577 645 671 590
752 555 909 654 Theoi.
930 560 1046 667 Dog.
1066 564 1108 651 δι
1124 553 1276 655 morai
1294 551 1386 651 Lib.
1400 488 1503 657 ΙΙΙ.Χ

611 732 691 810 Nec
716 730 809 808 aliud
833 730 954 827 colligi
977 735 1094 831 potest
1119 756 1165 809 ex
1184 738 1216 803 S.
1229 730 1392 820 casaria,
1414 731 1530 810 Serm·
1543 748 1605 828 37*⁴

561 836 624 912 ubi
646 851 787 928 peccata
809 832 970 908 mortalia
989 833 1188 915 recensens,
1204 836 1268 907 ain
1289 881 1347 926 ,‚‚‚
1375 831 1417 911 Et
1440 834 1463 910 ir
1486 837 1605 930 longo

560 945 725 1030 tempore
745 948 903 1009 teneatur
914 938 1090 1012 iracundia
1102 936 1158 1018 ‚de
1176 935 1342 1014 ebrietas,
1357 930 1523 1011 fiaffldua
1542 936 1605 1017 iiii

560 1035 598 1110 in
617 1050 744 1109 eorum
765 1054 917 1110 numero
937 1049 1179 1133 computatur.
1207 1037 1286 1101 Cum
1307 1039 1393 1104 enin
1411 1038 1461 1105 ira
1470 1032 1518 1123 fir
1535 1059 1607 1106 nro..

559 1150 616 1205 tas
644 1137 746 1203 artemi
766 1137 807 1201 ad
830 1140 1003 1205 nocendum
1020 1137 1170 1226 proximo
1185 1131 1234 1217 ,fi
1255 1126 1295 1210 sit
1316 1124 1385 1208 taie
1404 1158 1606 1213 nocumen-

561 1246 665 1314 tum,
686 1236 721 1309 in
747 1234 847 1328 quod
876 1235 989 1310 tendit
1010 1248 1132 1311 motos
1160 1234 1240 1314 ira,
1264 1236 1363 1331 quod
1390 1254 1436 1309 ex
1471 1252 1606 1332 genere

560 1332 626 1409 suo
651 1330 692 1407 fit
715 1353 902 1429 peccatum
938 1334 1108 1418 mortale,
1137 1329 1224 1409 iicnt
1254 1326 1521 1417 homicidium,
1550 1338 1604 1414 rei

561 1432 721 1521 furtum3
747 1434 822 1509 talis
843 1438 890 1508 ira
915 1458 961 1511 ex
992 1450 1122 1530 genere
1145 1432 1208 1508 suo
1231 1432 1281 1506 est
1302 1448 1488 1529 peecatum
1508 1461 1606 1512 mor·

563 1532 652 1624 taie3
671 1532 728 1607 ied
751 1534 851 1630 quod
885 1531 924 1610 iit
952 1550 1137 1631 peccatum
1162 1532 1319 1619 reniale,
1341 1532 1449 1609 hibet
1466 1558 1514 1610 ex
1540 1540 1607 1614 ini·

563 1632 777 1730 perietiione
799 1633 912 1716 adiit,
931 1638 965 1709 in
985 1649 1160 1731 qnantum
1176 1633 1225 1707 est
1239 1649 1359 1709 motus
1382 1629 1513 1710 subitur
1531 1634 1606 1713 sen·

563 1730 736 1808 iiraiitatis.
775 1733 811 1811 Si
842 1756 926 1808 vero
950 1733 992 1809 iit
1015 1737 1209 1809 diuturna.
1237 1731 1329 1809 redit
1363 1734 1407 1809 ad
1442 1751 1607 1813 naturam

562 1832 612 1909 iui
634 1832 772 1929 generis
801 1855 862 1929 per
889 1833 1096 1909 consensum
1120 1834 1276 1913 rationis.
1315 1834 1351 1909 si
1376 1840 1463 1925 iero
1483 1858 1608 1913 noco·

562 1951 755 2018 mentam,
781 1934 817 2008 in
840 1935 941 2030 quod
976 1932 1090 2009 tendit
1115 1934 1335 2017 motoria,
1365 1928 1449 2009 esset
1471 1936 1606 2015 veniale

563 2054 611 2106 ex
632 2053 764 2126 genere
796 2033 879 2117 suo,
905 2047 1010 2131 puta.
1035 2052 1120 2107 cum
1147 2031 1271 2129 aliquia
1291 2034 1327 2105 in
1357 2026 1431 2107 hoc
1450 2034 1606 2113 irascitur

563 2146 690 2207 contra
709 2130 884 2226 aliquem.
904 2132 1004 2230 quod
1021 2132 1095 2209 ruit
1109 2118 1147 2206 'ei
1169 2135 1284 2207 dicere
1306 2130 1439 2229 aliquid
1457 2135 1607 2214 verbnm

509 2316 512 2321 ,
563 2223 664 2311 leve,
686 2231 721 2306 ἃ
742 2231 927 2327 jocosum,
952 2232 1051 2330 quod
1073 2231 1257 2312 nodienm
1273 2231 1384 2326 ipsum
1400 2233 1610 2322 contristet.

562 2347 640 2406 non
664 2336 731 2406 erit
756 2334 802 2406 ira
824 2350 1009 2426 peccatum
1039 2331 1211 2414 mortain,
1231 2347 1554 2429 quantumcunque
1566 2335 1608 2413 sit

551 2432 757 2521 diuturna,
789 2430 849 2508 niii
873 2431 966 2519 iotae
985 2445 1048 2529 per
1071 2432 1257 2511 accidens.
1281 2423 1304 2506 fi
1327 2452 1374 2506 ex
1403 2430 1477 2506 hoc
1497 2454 1608 2530 grava

561 2525 762 2607 scandaium
775 2536 916 2606 oriatur.
932 2529 985 2606 vei
998 2546 1143 2627 propter
1156 2529 1286 2626 aliquid
1296 2528 1499 2618 huiusmodi
1510 2584 1534 2625 „
1545 2590 1581 2625 „.

618 2627 732 2724 Quod
748 2635 950 2706 ebrietatem
967 2631 1113 2732 i'peiiat,
1129 2630 1279 2705 mortale
1293 2634 1398 2705 etiam
1412 2652 1460 2707 ex
1477 2654 1609 2729 genera

563 2731 628 2810 suo
651 2745 836 2826 peccatum
859 2731 919 2805 est·
943 2777 967 2816 ‚.
981 2785 1002 2823 ,‚
1028 2730 1142 2822 Quod
1162 2733 1256 2805 enim
1268 2727 1384 2807 homo
1401 2734 1532 2830 abique
1545 2759 1611 2811 ne.

563 2828 716 2907 ceffitate
739 2832 861 2906 reddat
879 2830 911 2905 se
934 2835 1171 2926 impotentem
1186 2831 1228 2905 ad
1258 2835 1431 2907 utendum
1451 2835 1606 2923 ratione.

564 2949 749 3029 perquam
768 2933 801 3004 in
825 2927 946 3006 Deum
967 2931 1173 3014 ordinatur.
1194 2929 1229 3004 de
1252 2931 1360 3006 multa
1379 2948 1525 3024 peccata
1542 2958 1608 3012 oo·

564 3034 721 3107 carentia
747 3035 852 3113 vitat.
874 3053 919 3105 ex
942 3029 1011 3106 i'oia
1030 3031 1212 3127 voluptate
1230 3034 1322 3115 vini,
1344 3030 1608 3127 expreffecon·

563 3134 724 3207 trariatut
760 3133 890 3205 virtuti·
928 3129 995 3206 Sed
1025 3132 1126 3228 quod
1161 3129 1201 3205 fit
1229 3147 1413 3229 peccatum
1446 3132 1608 3221 veniale,

563 3233 744 3325 contingit
765 3247 910 3326 propter
936 3234 1171 3323 ignorantiam
1198 3230 1387 3328 quamdam
1406 3275 1413 3300 ‚
1431 3233 1486 3307 rei
1512 3233 1610 3309 infir.

561 3333 740 3413 mitatem.
762 3349 869 3425 puta,
893 3353 976 3404 cuni
989 3323 1105 3406 honio
1121 3329 1227 3406 reicit
1243 3334 1407 3407 virtutem
1432 3335 1527 3417 vini,
1546 3349 1610 3409 aut

563 3431 745 3527 propriam
766 3427 1004 3515 debilitatem.
1034 3431 1129 3507 unde
1152 3453 1226 3504 non
1251 3445 1350 3524 putat
1370 3428 1402 3506 se
1423 3433 1608 3526 inebriari3

562 3546 649 3604 tunc
672 3532 764 3603 enim
782 3551 857 3603 non
884 3531 1080 3626 imputatur
1099 3529 1130 3604 ei
1155 3530 1300 3604 ebrietas
1331 3529 1374 3604 ad
1390 3542 1609 3627 peecatum,

562 3628 620 3703 sed
645 3626 757 3702 solum
784 3627 1097 3718 {operabundantia
1122 3641 1241 3723 potua
1267 3623 1335 3704 Sed
1357 3630 1505 3724 quando
1537 3632 1608 3707 fre·

562 3746 712 3824 quanter
729 3728 940 3813 inebriatur,
963 3751 1037 3803 non
1059 3728 1173 3823 potest
1186 3751 1247 3823 per
1260 3729 1350 3805 hanc
1368 3733 1609 3824 ignorantiam

562 3826 744 3903 exeniati.
766 3827 853 3925 quin
881 3828 1038 3904 videatur
1062 3828 1225 3903 voluntas
1253 3832 1325 3925 ejus
1350 3827 1479 3926 eligere
1496 3837 1610 3926 magia

562 3928 636 4024 pati
663 3928 888 4012 ebrietatem,
911 3950 1019 4024 quam
1043 3927 1212 4002 abstinere
1236 3951 1254 4002 a
1293 3933 1378 4003 vino
1402 3929 1611 4027 superfluo;

563 4024 659 4102 unde
680 4026 769 4102 redit
793 4031 980 4122 peccatum
1007 4026 1050 4102 ad
1072 4026 1166 4102 iuanr
1188 4043 1347 4103 naturam
1368 4076 1392 4112 n
1410 4084 1447 4119 „-
1476 4031 1536 4108 Sic
1556 4055 1612 4109 ra·

563 4123 900 4223 [parietariam.
923 4128 1044 4225 quast·
1065 4129 1101 4205 δι
1122 4144 1185 4206 att·
1207 4125 1307 4227 supra
1324 4125 1485 4211 laudatis·

1454 4520 1567 4609 RE·
