3700 5425
480 622 550 723 Db
578 624 857 722 Sacramentis
880 627 924 719 iri
949 635 1121 746 geberti
1266 634 1348 737 Μ’

299 804 352 886 l'ra
371 796 488 901 legem
501 800 590 887 Dei,
606 816 667 879 aut
681 806 775 878 certe
795 803 956 901 periculo
981 803 1012 879 se
1025 804 1240 888 committit,
1259 827 1344 883 cum

300 908 375 984 lieri
395 927 470 980 non
493 899 597 1000 polilt
615 959 625 989 ,
653 905 740 1002 quin
762 904 950 980 inducatur
972 904 1007 978 in
1028 904 1182 1004 aliquant
1206 903 1346 981 dubita-

300 1011 460 1090 tionem,
476 1007 556 1101 quia
571 1006 686 1079 minus
703 1003 875 1096 probabili
900 1003 1002 1080 datus
1022 999 1168 1081 assensus
1187 1027 1270 1081 cum
1290 1018 1346 1079 er·
1433 1088 1438 1097 ,

299 1110 389 1181 toris
412 1099 602 1179 formidine
626 1103 697 1191 est;
713 1102 750 1176 dt
774 1105 887 1178 minus
904 1104 1097 1200 probabilis
1117 1105 1242 1199 opinio
1260 1126 1346 1201 pro·

301 1204 448 1283 babillus
473 1203 521 1278 est
543 1202 713 1296 peccandi
736 1201 945 1298 periculum·
973 1200 1061 1277 Non
1079 1202 1264 1280 excusatur
1278 1207 1346 1279 ita·

294 1328 405 1403 ¹quea
422 1318 591 1394 peccato,
605 1304 667 1400 qui
688 1307 808 1378 minus
821 1301 1052 1399 probabiliem
1064 1305 1273 1402 opinionem
1294 1300 1346 1378 se-

300 1411 422 1502 quitur
443 1400 555 1477 relilla
580 1401 822 1497 probabiliori.
1469 1490 1472 1497 ι

353 1500 396 1580 lit
414 1500 686 1592 Quodlibetou.
700 1502 807 1598 qu7·
828 1510 891 1576 art.
916 1514 952 1575 a.
973 1501 1035 1578 ubi
1060 1500 1205 1597 quatit,
1224 1513 1343 1577 utrum
1362 1479 1468 1563 ΕΜ,

300 1587 431 1678 babere
448 1600 566 1696 plures
584 1600 784 1694 p'taebendar
798 1598 869 1675 stne
886 1613 969 1676 cura
990 1604 1183 1676 animarum
1196 1636 1206 1681 r
1217 1599 1344 1697 absque
1362 1575 1504 1701 &edim

302 1697 629 1797 dispensationenlr
647 1705 832 1796 peccatum
849 1698 1023 1774 mortale!
1034 1701 1121 1796 Qu
1134 1706 1168 1768 r'n
1228 1697 1340 1774 aellio·
1362 1710 1419 1778 elle
1440 1704 1550 1792 pecca-¹

303 1820 342 1872 ne
357 1803 515 1895 ,inqult,
532 1801 747 1868 inveniremur
761 1799 915 1892 Theologi
930 1790 1102 1893 Theologis
1119 1803 1182 1887 ,su
1243 1796 1425 1878 titillatum
1444 1804 1552 1851 ¹¹¹0&-

296 1891 450 2078 feristis
484 1902 651 1968 contraria
669 1894 804 1984 sentiret
832 1896 1019 1991 Praemittlt'
1035 1913 1154 1976 autem
1173 1898 1264 1975 illius
1291 1864 1547 2009 su·¹0⁰01·2¹}‚⁰⁸⁸¹⁸

317 1999 429 2077 utionl
458 1994 531 2077 boc
546 1999 642 2075 velut
661 1993 908 2074 inconcbllum
926 2000 1193 2093 principiumt„
1205 2052 1226 2091 ‚,
1252 1997 1345 2078 Om·

302 2101 358 2176 nis
381 2096 547 2195 quaestio,
565 2102 601 2173 in
618 2122 686 2272 ilua
701 2098 745 2174 de
758 2097 899 2174 mortali
917 2108 1066 2193 peccato
1081 2096 1347 2200 quaeritur,nisr

302 2189 461 2295 expresse
480 2200 603 2273 veritas
655 2199 797 2273 abeatur
818 2246 828 2279 ‚
849 2197 1044 2294 periculose
1067 2198 1348 2289 determinatut;

303 2303 385 2399 quia
406 2321 528 2384 error,
542 2291 642 2395 quud
662 2320 735 2373 non
756 2297 910 2374 creditur
925 2293 992 2372 esse
1005 2314 1190 2393 peccatum
1214 2315 1348 2376 morta*

301 2388 357 2481 le,
385 2397 635 2474 conscientiam
663 2413 739 2473 non
769 2396 910 2474 eltcusat
930 2415 949 2472 a
967 2410 1081 2484 toto,
1107 2396 1190 2475 licet
1212 2396 1306 2473 sorte
1324 2411 1346 2477 a

298 2506 416 2575 tanto.
444 2495 550 2575 Error
565 2507 671 2582 veto,
692 2518 767 2595 quo
786 2496 940 2573 creditur
953 2539 962 2572 2
976 2495 1043 2572 esse
1060 2497 1230 2584 mortale,
1243 2494 1345 2593 quod
1452 2584 1458 2593 ,

301 2611 378 2676 bon
397 2596 445 2674 est
464 2595 614 2673 mortale
633 2652 643 2680 ,
665 2619 712 2671 err
736 2595 948 2673 conscientia
972 2597 1057 2693 ligat
1090 2598 1132 2672 ad
1155 2612 1344 2696 peccatum

288 2697 457 2775 mortale
475 2721 484 2767 τ
504 2698 679 2794 praecipue
698 2710 818 2791 autem
837 2696 1072 2788 periculosum
1088 2699 1138 2775 esl
1153 2754 1162 2780 ,
1180 2699 1239 2774 ubi
1257 2700 1347 2774 ueri·

304 2808 358 2874 tau
379 2798 544 2892 ambigua
565 2797 613 2871 est
648 2833 718 2886 ‚,‚,r
745 2793 839 2873 Cum
862 2799 981 2893 itaque
1007 2797 1083 2872 salsa
1111 2798 1160 2874 est
1197 2801 1347 2894 opinio,
1447 2887 1451 2895 ⁸

304 2920 373 2995 qua
395 2889 655 2993 censeturque
677 2917 750 2969 non
779 2890 846 2968 else
860 2910 1046 2992 peccatum
1062 2897 1231 2982 mortale,
1247 2896 1348 2995 quod

304 3014 423 3071 revera
436 2993 585 3070 mortale
603 2995 651 3068 est
664 3046 674 3076 ,
687 3012 761 3067 non
782 2993 1001 3069 excusatura
1019 3009 1168 3089 peccato
1184 2995 1348 3082 mortali,

306 3098 368 3192 qui
391 3090 482 3168 illam
499 3094 671 3189 sequitur,
687 3093 722 3166 dt
741 3091 933 3168 secundum
948 3092 1039 3168 illam
1057 3098 1141 3189 agit·
1167 3093 1271 3170 Reate
1285 3097 1351 3190 igi·

306 3205 364 3272 tur
388 3215 407 3269 a
427 3194 596 3289 plerisque
614 3190 804 3270 Galliarum
820 3191 1016 3292 Episcopis,
1037 3195 1098 3292 qui
1116 3192 1349 3272 Casuistarum

306 3293 521 3389 Apologiam
545 3296 777 3376 damnarunt,
800 3312 942 3367 necnon
969 3294 1012 3369 ab
1037 3296 1232 3369 licademiis
1256 3292 1351 3370 Pari·

306 3392 404 3470 fieusr
426 3446 437 3479 ,
460 3394 493 3467 &
516 3391 721 3468 Lovaniensr
755 3391 917 3467 damnata
946 3391 1020 3469 haec
1043 3392 1242 3492 propositio
1269 3394 1345 3472 elta

306 3548 363 3586 ,‚,‚
385 3492 427 3567 ln
446 3493 694 3590 quaestionibus
724 3492 769 3565 de
799 3494 922 3573 bono,
943 3492 996 3567 tel
1019 3493 1134 3569 malo,
1153 3495 1272 3575 licito,
1291 3492 1348 3568 vel
1425 3545 1428 3552 -

307 3592 452 3675 illicito,
470 3595 545 3687 jure
563 3593 707 3675 divino,
722 3590 776 3666 rel
804 3592 987 3666 humano,
1011 3593 1126 3689 potest
1150 3592 1245 3689 sequi
1269 3598 1350 3685 opi·

307 3697 454 3768 nionem
480 3694 593 3767 minus
618 3691 836 3787 probabilem
862 3747 872 3777 ,
897 3690 1082 3787 minul'qoe
1102 3712 1213 3768 tutam
1233 3693 1348 3772 relitl'a

308 3790 615 3891 probabiliore,&
631 3794 741 3884 magis
754 3808 829 3866 tuta
845 3795 969 3873 ,etiam
982 3789 1042 3866 srbi
1054 3808 1138 3868 nota
1151 3810 1189 3868 ut
1204 3792 1260 3867 tali
1273 3850 1294 3884 „
1308 3848 1346 3883 ,‚,

360 3889 652 3982 Obiiciunt'varia
677 3891 977 3985 Scripturaesacrae
991 3892 1208 3978 testimonia,
1224 3897 1259 3968 in
1272 3896 1353 3987 qul-

310 3992 376 4067 bus
403 3991 572 4069 habetur.
597 3990 722 4067 Christi
751 3992 882 4083 ,iugum
897 3988 1001 4076 ficare
1019 3987 1105 4077 else,
1130 3993 1255 4066 &onus
1275 3995 1351 4083 ejur

309 4090 396 4160 seve.
413 4093 538 4161 Maera.
559 4093 659 4164 110&
673 4088 910 4181 llandaraejus
919 4095 1043 4183 gravia
1065 4115 1127 4161 non
1151 4087 1232 4178 effe,
1252 4108 1292 4167 ut
1323 4109 1354 4163 t.

311 4191 418 4280 Joaeu.
435 4208 467 4284 5.
492 4188 560 4267 Sed
578 4244 589 4275 ,
605 4193 795 4287 inquiunt,
825 4187 849 4265 fi
875 4204 1077 4266 teneremur
1097 4190 1191 4288 sequi
1214 4193 1358 4286 opinio.

312 4308 395 4366 nem
415 4294 526 4386 magis
540 4291 784 4386 probabilem,
805 4288 1002 4385 posthabita
1030 4291 1280 4387 probabiliori,
1303 4291 1363 4380 ju·

313 4412 402 4487 gum
417 4387 485 4465 Dei
497 4389 598 4465 suave
622 4413 698 4465 non
726 4386 808 4465 esset
822 4438 830 4462 ‚
846 4388 902 4464 sed
920 4386 1070 4467 difficilis
1083 4390 1279 4469 admodum
1304 4390 1358 4465 di·

313 4492 488 4570 uiuorum
508 4492 759 4570 mandatorum
780 4488 1007 4569 observantia.

803 4682 922 4770 Ltr
980 4747 1016 4788 ,-
1224 4684 1324 4767 stat·
