3700 5425
463 571 533 661 De
569 568 836 678 Sacramenta
869 552 1149 677 blatrimonffl
1260 588 1343 692 ³²7

549 736 583 833 R
610 739 637 819 E
670 740 765 838 GU
793 737 824 818 L
850 739 881 819 Λ
931 736 1081 818 Vlls·

296 899 521 1004 Dispensatio
536 897 758 991 subreptitia,
781 896 823 972 ad
841 919 949 997 quani
967 895 1094 980 scilicet
1113 891 1348 976 obtinendam

355 989 1350 1102 supplicantesfalsumexposuerunt,autaliquid,qund

353 1109 389 1181 in
430 1100 685 1199 supplicatione
719 1098 995 1194 exprimendum
1033 1109 1136 1181 erat,
1164 1098 1267 1177 etiam
1290 1096 1350 1177 'ex

355 1205 556 1302 ignorantia
574 1213 780 1287 tacuerunt,
800 1201 940 1292 penitus
954 1195 1108 1289 ,invalida
1126 1194 1195 1288 est3
1208 1218 1250 1271 ac
1268 1214 1352 1282 oin·

353 1312 442 1380 nino
471 1302 634 1375 irritum,
651 1298 752 1396 quod
767 1319 813 1377 ex
837 1299 871 1372 ii
889 1296 982 1375 illius
1006 1293 1256 1387 tenuabitur,
1274 1312 1352 1387 nia·

354 1402 577 1480 trimoniuna

399 1579 451 1635 aec
476 1551 613 1661 Regula
642 1554 765 1630 nititur
788 1576 866 1650 cap.
895 1557 998 1650 Super
1021 1552 1161 1632 literis,
1186 1551 1268 1632 liitt-
1297 1552 1351 1623 De
1369 1528 1531 1677 Psioffiism

324 1734 326 1738 ,
419 1656 623 1744 acici-ipris,
646 1655 746 1750 quod
767 1654 816 1730 est
837 1657 1022 1724 Innocentis·
1037 1658 1106 1731 ΙΙΙ.
1127 1650 1353 1754 responsum:
1371 1636 1562 1767 {pm

310 1813 367 1854 „,‚
401 1755 514 1849 Super
537 1755 642 1836 literis
670 1751 833 1848 (inquit)
858 1778 937 1854 qna
959 1757 1001 1843 ab
1023 1755 1197 1854 aliquibus
1213 1776 1259 1848 eii
1282 1776 1357 1834 aias
1411 1761 1415 1769 '
1446 1755 1451 1766 '
1507 1752 1513 1763 ’

313 1860 386 1936 litia
409 1856 475 1942 ,bc
498 1877 518 1929 a
539 1852 718 1929 nonnullis
749 1877 794 1936 eir
817 1857 1040 1953 ignorantia,
1059 1858 1162 1952 tacita
1188 1855 1359 1938 veritate.

314 1958 371 2035 rel
396 1953 552 2053 suggesta
585 1950 731 2028 salsitate
754 1957 989 2052 impetrantur
1011 1978 1029 2028 a
1057 1958 1160 2031 nobis
1177 2009 1188 2040 ,
1208 1949 1361 2029 diversos

315 2055 553 2151 intelleximus
570 2053 701 2129 diversa
720 2051 862 2135 sentire,
881 2056 953 2135 aliis
974 2052 1198 2132 asserentibus
1217 2077 1280 2137 eos
1299 2052 1364 2136 dea

315 2161 399 2250 bere
437 2155 551 2235 tortus
565 2175 682 2227 carere
707 2155 810 2229 omni
839 2153 1041 2238 commodo
1056 2157 1258 2234 literarum,
1277 2174 1364 2230 cuin

316 2177 472 2335 menesii<
499 2268 663 2355 precator
686 2274 802 2328 carere
825 2254 952 2333 debeat
972 2258 1111 2350 penitus
1141 2255 1365 2353 impetratis;

317 2357 391 2433 aliis
414 2375 500 2429 iiero
520 2353 738 2428 dicentibus,
752 2354 852 2526 aunis
872 2353 932 2430 etsi
947 2353 1060 2436 forma
1076 2378 1192 2433 carere
1211 2354 1365 2433 debeant

324 2458 362 2531 in
384 2454 491 2535 literis
505 2453 687 2539 nostrisex
716 2476 752 2526 re
781 2451 820 2532 a,
837 2453 1068 2532 nihilominus
1082 2457 1181 2551 jnirta
1206 2462 1366 2552 rigorem

321 2558 407 2650 jutis
421 2551 490 2627 lita
501 2551 666 2649 delegato
681 2476 809 2649 fodico
824 2558 859 2628 in
875 2558 1025 2649 negotio
1038 2554 1314 2649 procedendum.
1331 2598 1370 2645 ..ΙΙ
1481 2558 1484 2563 ’

322 2656 358 2732 Si
388 2676 449 2752 per
482 2652 686 2747 hujusmodi
714 2651 866 2735 salsitatis
891 2652 1177 2749 expressionem,
1200 2653 1253 2727 vel
1287 2649 1368 2758 sup·

323 2751 534 2854 pressionem
564 2757 669 2827 etiam
693 2757 846 2829 veritatis
868 2753 976 2830 literae
998 2756 1126 2834 fuerint
1148 2758 1371 2851 impetratas

324 2877 395 2946 qua
416 2855 543 2937 tacita,
564 2852 627 2934 vel
641 2850 826 2946 expressa,
853 2876 919 2929 nos
953 2855 1064 2929 nullas
1090 2856 1229 2950 prorsus
1252 2852 1370 2933 literas

327 2950 558 3043 dedissemus,
580 2975 598 3024 a
621 2948 801 3047 Delegato
827 2976 903 3027 non
929 2955 977 3030 est
999 2955 1219 3060 aliquatenus
1241 2975 1371 3049 proce·

330 3039 488 3138 dentium
518 3106 539 3140 „
558 3106 594 3139 „.
623 3048 692 3145 Ubi
714 3050 834 3132 Gloisa
855 3052 932 3127 haee
956 3054 1085 3129 habet:
1114 3110 1134 3145 ‚‚
1152 3110 1173 3144 „
1213 3051 1266 3136 Ex
1298 3050 1373 3125 hoc

328 3169 447 3250 patet,
470 3154 569 3247 quod
590 3153 810 3246 ignorantia,
836 3153 891 3227 vel
910 3152 1107 3248 simplicitas
1135 3176 1210 3232 non
1230 3149 1374 3250 prodest

329 3258 421 3334 circa
453 3252 654 3347 hujusmodi
676 3253 790 3326 literas
822 3254 1058 3348 impetrandas
1079 3278 1090 3343 ;
1118 3256 1191 3351 imo
1213 3251 1255 3326 ad
1280 3250 1376 3331 hoc,

330 3374 371 3437 iit
394 3351 599 3447 rescriptum
628 3366 773 3430 teneat,
799 3352 882 3425 nibil
903 3352 1009 3427 debet
1041 3352 1208 3451 supprimi
1236 3371 1282 3425 ex
1308 3351 1346 3420 iis
1361 3398 1377 3441 2

333 3471 413 3546 quae
439 3455 582 3523 movere
606 3447 749 3543 possunt
768 3456 926 3538 animuin
956 3452 1127 3548 Principis
1149 3452 1193 3533 ad
1217 3448 1377 3539 (landum¹

331 3552 561 3643 rescriptum,
585 3549 638 3623 iiel
668 3550 711 3624 ad
737 3551 987 3646 denegandum
1012 3557 1083 3644 „‚,i

301 3698 306 3706 ·
384 3648 483 3726 ldcm
512 3647 742 3727 confirmatur
765 3675 810 3731 eii
840 3676 914 3742 cap.
941 3657 977 3721 Si
997 3675 1111 3737 motu,
1137 3652 1191 3728 tit.
1221 3652 1275 3719 De
1294 3656 1382 3720 Prae·

333 3745 463 3833 bannis,
487 3751 523 3835 in
550 3748 661 3823 sexto·
686 3805 707 3839 „
728 3806 749 3841 „
778 3751 812 3825 Si
839 3744 1017 3846 (inquit)
1036 3755 1078 3827 ari
1103 3754 1312 3848 petitionem
1340 3748 1381 3825 ile

334 3850 418 3932 lius,
447 3849 499 3923 vel
521 3846 659 3936 alterius
678 3873 747 3945 pto
770 3852 898 3925 eodem
916 3852 1070 3927 oblatam
1090 3855 1238 3946 gratiam
1262 3848 1382 3944 liujus·

336 3952 437 4026 modi
460 3951 654 4033 siciamus,
682 3968 1002 4050 quantumcunque
1034 3955 1217 4028 modicum
1247 3946 1381 4025 benefi-

338 4055 433 4146 ciuin
459 4064 613 4125 taceatur
631 4051 668 4123 in
689 4051 752 4131 ea,
771 4049 881 4147 ipsam¹
905 4052 1014 4146 veluti
1033 4051 1273 4156 subreptitiam
1290 4055 1382 4127 trites

337 4151 505 4241 nolumus
529 4150 690 4246 obtinere
719 4205 790 4241 Μ.
1008 4171 1009 4178 ¹

391 4245 485 4327 Hinc
515 4248 786 4342 dispensationes¹
816 4248 962 4348 inspici,
988 4250 1023 4325 δι
1049 4251 1240 4332 examinati
1263 4239 1593 4335 statuissemus

339 4345 541 4442 Concilium
556 4349 772 4441 Colonirnl'e
792 4372 862 4438 ann
912 4362 1017 4444 1586.
1036 4405 1092 4448 „,‚
1118 4350 1239 4443 Quam
1264 4350 1384 4440 impu·

337 4448 462 4537 denter
485 4443 655 4543 (inquit)
679 4450 837 4546 plerique
911 4452 1117 4548 spleniato,
1142 4473 1183 4525 ac
1210 4445 1384 4543 dispensa·¹

337 4550 495 4646 turibus
518 4548 615 4651 aiil
639 4544 768 4648 teian
786 4549 1021 4648 apostoliam
1049 4552 1224 4648 essartis,
1257 4560 1385 4643 nraetea

549 4663 551 4668 ’
808 4646 854 4748 X
883 4669 899 4740 5
1239 4646 1335 4742 (Usila

906 4773 912 4806 l
1376 4793 1379 4799 .
