<?xml version="1.0" encoding="UTF-8"?>
<!DOCTYPE html PUBLIC "-//W3C//DTD XHTML 1.0 Transitional//EN"
    "http://www.w3.org/TR/xhtml1/DTD/xhtml1-transitional.dtd">
<html xmlns="http://www.w3.org/1999/xhtml" xml:lang="en" lang="en">
 <head>
  <title>
</title>
<meta http-equiv="Content-Type" content="text/html;charset=utf-8" />
  <meta name='ocr-system' content='tesseract 3.04.00' />
  <meta name='ocr-capabilities' content='ocr_page ocr_carea ocr_par ocr_line ocrx_word'/>
</head>
<body>
  <div class='ocr_page' id='page_1' title='image "./theologiadogmat05alexgoog_0487.png"; bbox 0 0 3700 5425; ppageno 0'>
   <div class='ocr_carea' id='block_1_1' title="bbox 449 568 1301 699">
    <p class='ocr_par' dir='ltr' id='par_1_1' title="bbox 449 568 1301 699">
     <span class='ocr_line' id='line_1_1' title="bbox 449 568 1301 699; baseline 0.007 -19"><span class='ocrx_word' id='word_1_1' title='bbox 449 568 523 680; x_wconf 51' lang='lat' dir='ltr'>De&#39;</span> <span class='ocrx_word' id='word_1_2' title='bbox 543 589 820 679; x_wconf 68' lang='lat' dir='ltr'><strong>sacramentis</strong></span> <span class='ocrx_word' id='word_1_3' title='bbox 843 590 886 677; x_wconf 91' lang='lat' dir='ltr'>in</span> <span class='ocrx_word' id='word_1_4' title='bbox 910 592 1081 697; x_wconf 55' lang='lat' dir='ltr'>genere}</span> <span class='ocrx_word' id='word_1_5' title='bbox 1223 607 1301 699; x_wconf 77' lang='lat'>481</span> 
     </span>
    </p>
   </div>
   <div class='ocr_carea' id='block_1_2' title="bbox 256 747 1459 4634">
    <p class='ocr_par' dir='ltr' id='par_1_2' title="bbox 269 747 1309 857">
     <span class='ocr_line' id='line_1_2' title="bbox 269 747 1309 857; baseline -0.004 -16"><span class='ocrx_word' id='word_1_6' title='bbox 269 747 339 841; x_wconf 83' lang='lat' dir='ltr'>Dei</span> <span class='ocrx_word' id='word_1_7' title='bbox 360 757 502 857; x_wconf 83' lang='lat' dir='ltr'>flagellis</span> <span class='ocrx_word' id='word_1_8' title='bbox 522 783 540 833; x_wconf 86' lang='lat' dir='ltr'>n</span> <span class='ocrx_word' id='word_1_9' title='bbox 569 782 679 853; x_wconf 84' lang='lat' dir='ltr'>pravo</span> <span class='ocrx_word' id='word_1_10' title='bbox 704 760 863 835; x_wconf 87' lang='lat' dir='ltr'>instituto</span> <span class='ocrx_word' id='word_1_11' title='bbox 895 759 928 837; x_wconf 87' lang='lat' dir='ltr'>se</span> <span class='ocrx_word' id='word_1_12' title='bbox 951 758 1084 838; x_wconf 78' lang='lat' dir='ltr'>ueneni</span> <span class='ocrx_word' id='word_1_13' title='bbox 1106 759 1309 854; x_wconf 58' lang='lat' dir='ltr'>patiuntur„</span> 
     </span>
    </p>

    <p class='ocr_par' dir='ltr' id='par_1_3' title="bbox 268 848 1302 950">
     <span class='ocr_line' id='line_1_3' title="bbox 268 848 1302 950; baseline 0.001 -14"><span class='ocrx_word' id='word_1_14' title='bbox 268 848 364 936; x_wconf 77' lang='lat' dir='ltr'>Talis</span> <span class='ocrx_word' id='word_1_15' title='bbox 386 863 452 938; x_wconf 83' lang='lat' dir='ltr'>i&#39;uit</span> <span class='ocrx_word' id='word_1_16' title='bbox 474 856 553 937; x_wconf 85' lang='lat' dir='ltr'>Rex</span> <span class='ocrx_word' id='word_1_17' title='bbox 582 861 706 927; x_wconf 74' lang='lat' dir='ltr'>Pherae</span> <span class='ocrx_word' id='word_1_18' title='bbox 726 913 737 943; x_wconf 90' lang='lat'>,</span> <span class='ocrx_word' id='word_1_19' title='bbox 761 860 863 950; x_wconf 88' lang='lat' dir='ltr'>cujus</span> <span class='ocrx_word' id='word_1_20' title='bbox 883 881 947 934; x_wconf 89' lang='lat' dir='ltr'>cor</span> <span class='ocrx_word' id='word_1_21' title='bbox 978 860 1180 937; x_wconf 81' lang='lat' dir='ltr'>induratum</span> <span class='ocrx_word' id='word_1_22' title='bbox 1203 877 1302 944; x_wconf 82' lang='lat' dir='ltr'>erat·.</span> 
     </span>
    </p>

    <p class='ocr_par' dir='ltr' id='par_1_4' title="bbox 268 954 1328 1065">
     <span class='ocr_line' id='line_1_4' title="bbox 268 954 1328 1065; baseline 0.001 -30"><span class='ocrx_word' id='word_1_23' title='bbox 268 956 306 1036; x_wconf 70' lang='grc' dir='ltr'>’ἃ</span> <span class='ocrx_word' id='word_1_24' title='bbox 328 965 363 1034; x_wconf 93' lang='lat' dir='ltr'>in</span> <span class='ocrx_word' id='word_1_25' title='bbox 384 960 510 1035; x_wconf 84' lang='lat' dir='ltr'>malitia</span> <span class='ocrx_word' id='word_1_26' title='bbox 534 958 771 1039; x_wconf 82' lang='lat' dir='ltr'>obstinatum,</span> <span class='ocrx_word' id='word_1_27' title='bbox 793 974 838 1033; x_wconf 89' lang='lat' dir='ltr'>ne</span> <span class='ocrx_word' id='word_1_28' title='bbox 853 958 1026 1055; x_wconf 83' lang='lat' dir='ltr'>populum</span> <span class='ocrx_word' id='word_1_29' title='bbox 1053 954 1120 1036; x_wconf 90' lang='lat' dir='ltr'>Dei</span> <span class='ocrx_word' id='word_1_30' title='bbox 1147 954 1302 1036; x_wconf 87' lang='lat' dir='ltr'>dimitte·</span> <span class='ocrx_word' id='word_1_31' title='bbox 1324 1050 1328 1065; x_wconf 38' lang='grc' dir='ltr'>Ι</span> 
     </span>
    </p>

    <p class='ocr_par' dir='ltr' id='par_1_5' title="bbox 267 1054 1409 1355">
     <span class='ocr_line' id='line_1_5' title="bbox 273 1054 1409 1159; baseline 0.002 -26"><span class='ocrx_word' id='word_1_32' title='bbox 273 1077 350 1143; x_wconf 87' lang='lat' dir='ltr'>ret,</span> <span class='ocrx_word' id='word_1_33' title='bbox 400 1061 531 1134; x_wconf 77' lang='lat' dir='ltr'>uamvis</span> <span class='ocrx_word' id='word_1_34' title='bbox 552 1060 656 1131; x_wconf 86' lang='lat' dir='ltr'>toties</span> <span class='ocrx_word' id='word_1_35' title='bbox 676 1080 694 1130; x_wconf 88' lang='lat' dir='ltr'>a</span> <span class='ocrx_word' id='word_1_36' title='bbox 717 1057 827 1147; x_wconf 72' lang='lat' dir='ltr'>Moyse</span> <span class='ocrx_word' id='word_1_37' title='bbox 850 1062 1008 1147; x_wconf 80' lang='lat' dir='ltr'>munitus</span> <span class='ocrx_word' id='word_1_38' title='bbox 1027 1054 1219 1158; x_wconf 84' lang='lat' dir='ltr'>‚subinque</span> <span class='ocrx_word' id='word_1_39' title='bbox 1242 1057 1303 1135; x_wconf 81' lang='lat' dir='ltr'>flu·</span> <span class='ocrx_word' id='word_1_40' title='bbox 1407 1155 1409 1159; x_wconf 6' lang='grc' dir='ltr'><strong><em>ἢ</em></strong></span> 
     </span>
     <span class='ocr_line' id='line_1_6' title="bbox 267 1142 1300 1255; baseline 0.002 -23"><span class='ocrx_word' id='word_1_41' title='bbox 267 1156 367 1255; x_wconf 86' lang='lat' dir='ltr'>gellis</span> <span class='ocrx_word' id='word_1_42' title='bbox 420 1163 449 1234; x_wconf 88' lang='lat' dir='ltr'>ei</span> <span class='ocrx_word' id='word_1_43' title='bbox 472 1153 673 1255; x_wconf 81' lang='lat' dir='ltr'>graviffimis</span> <span class='ocrx_word' id='word_1_44' title='bbox 688 1161 834 1249; x_wconf 75' lang='lat' dir='ltr'>attritur.</span> <span class='ocrx_word' id='word_1_45' title='bbox 864 1142 968 1232; x_wconf 79' lang='lat' dir='ltr'>Tales</span> <span class='ocrx_word' id='word_1_46' title='bbox 985 1142 1122 1253; x_wconf 82' lang='lat' dir='ltr'>Judaei,</span> <span class='ocrx_word' id='word_1_47' title='bbox 1139 1180 1300 1255; x_wconf 84' lang='lat' dir='ltr'>quorum</span> 
     </span>
     <span class='ocr_line' id='line_1_7' title="bbox 268 1252 1298 1355; baseline 0.002 -23"><span class='ocrx_word' id='word_1_48' title='bbox 268 1259 429 1332; x_wconf 61' lang='lat' dir='ltr'>invidiam</span> <span class='ocrx_word' id='word_1_49' title='bbox 456 1257 679 1352; x_wconf 78' lang='lat' dir='ltr'>pertinaciam</span> <span class='ocrx_word' id='word_1_50' title='bbox 714 1253 958 1355; x_wconf 82' lang='lat' dir='ltr'>Protomartyr</span> <span class='ocrx_word' id='word_1_51' title='bbox 991 1262 1025 1327; x_wconf 75' lang='lat' dir='ltr'>S.</span> <span class='ocrx_word' id='word_1_52' title='bbox 1046 1252 1222 1347; x_wconf 58' lang='lat' dir='ltr'>stephanus</span> <span class='ocrx_word' id='word_1_53' title='bbox 1245 1257 1298 1334; x_wconf 80' lang='lat' dir='ltr'>hie</span> 
     </span>
    </p>

    <p class='ocr_par' dir='ltr' id='par_1_6' title="bbox 261 1353 1422 1749">
     <span class='ocr_line' id='line_1_8' title="bbox 266 1353 1422 1453; baseline -0.001 -20"><span class='ocrx_word' id='word_1_54' title='bbox 266 1361 379 1433; x_wconf 77' lang='lat' dir='ltr'>uerbis</span> <span class='ocrx_word' id='word_1_55' title='bbox 409 1356 675 1453; x_wconf 81' lang='lat' dir='ltr'>perstringebat:</span> <span class='ocrx_word' id='word_1_56' title='bbox 699 1359 796 1427; x_wconf 78' lang='lat' dir='ltr'>Dure</span> <span class='ocrx_word' id='word_1_57' title='bbox 822 1358 978 1432; x_wconf 80' lang='lat' dir='ltr'>cervice,</span> <span class='ocrx_word' id='word_1_58' title='bbox 1001 1366 1043 1428; x_wconf 66' lang='lat'>0⁸</span> <span class='ocrx_word' id='word_1_59' title='bbox 1067 1353 1296 1444; x_wconf 73' lang='lat' dir='ltr'>incircemn‘sss</span> <span class='ocrx_word' id='word_1_60' title='bbox 1313 1370 1375 1436; x_wconf 74' lang='lat' dir='ltr'>ricc</span> <span class='ocrx_word' id='word_1_61' title='bbox 1394 1386 1422 1448; x_wconf 77' lang='lat'>7.</span> 
     </span>
     <span class='ocr_line' id='line_1_9' title="bbox 264 1449 1298 1548; baseline 0.002 -22"><span class='ocrx_word' id='word_1_62' title='bbox 264 1453 437 1526; x_wconf 66' lang='lat' dir='ltr'>curulibus,</span> <span class='ocrx_word' id='word_1_63' title='bbox 462 1458 504 1525; x_wconf 66' lang='grc' dir='ltr'>(φ</span> <span class='ocrx_word' id='word_1_64' title='bbox 528 1449 683 1539; x_wconf 78' lang='lat' dir='ltr'>auribus,</span> <span class='ocrx_word' id='word_1_65' title='bbox 709 1477 768 1523; x_wconf 87' lang='lat' dir='ltr'>vus</span> <span class='ocrx_word' id='word_1_66' title='bbox 787 1453 912 1548; x_wconf 77' lang='lat' dir='ltr'>semper</span> <span class='ocrx_word' id='word_1_67' title='bbox 941 1453 1083 1547; x_wconf 77' lang='lat' dir='ltr'>Spiritui</span> <span class='ocrx_word' id='word_1_68' title='bbox 1106 1454 1216 1543; x_wconf 65' lang='lat' dir='ltr'>[anilo</span> <span class='ocrx_word' id='word_1_69' title='bbox 1245 1480 1298 1529; x_wconf 85' lang='lat' dir='ltr'>re.</span> 
     </span>
     <span class='ocr_line' id='line_1_10' title="bbox 261 1547 1422 1651; baseline 0.01 -27"><span class='ocrx_word' id='word_1_70' title='bbox 261 1547 387 1644; x_wconf 70' lang='lat' dir='ltr'>Miris.</span> <span class='ocrx_word' id='word_1_71' title='bbox 413 1552 517 1647; x_wconf 80' lang='lat' dir='ltr'>Taies</span> <span class='ocrx_word' id='word_1_72' title='bbox 537 1552 741 1637; x_wconf 84' lang='lat' dir='ltr'>illiumnes.</span> <span class='ocrx_word' id='word_1_73' title='bbox 756 1558 815 1648; x_wconf 86' lang='lat' dir='ltr'>qui</span> <span class='ocrx_word' id='word_1_74' title='bbox 831 1550 1295 1651; x_wconf 74' lang='lat' dir='ltr'>faisasreiigioneeprofeffi,</span> <span class='ocrx_word' id='word_1_75' title='bbox 1419 1578 1422 1584; x_wconf 82' lang='lat'>&#39;</span> 
     </span>
     <span class='ocr_line' id='line_1_11' title="bbox 265 1650 1296 1749; baseline 0.001 -19"><span class='ocrx_word' id='word_1_76' title='bbox 265 1651 304 1729; x_wconf 66' lang='grc' dir='ltr'><strong>ἃ</strong></span> <span class='ocrx_word' id='word_1_77' title='bbox 326 1655 369 1730; x_wconf 80' lang='lat' dir='ltr'>ab</span> <span class='ocrx_word' id='word_1_78' title='bbox 391 1650 539 1729; x_wconf 77' lang='lat' dir='ltr'>Ecclesia</span> <span class='ocrx_word' id='word_1_79' title='bbox 561 1651 734 1727; x_wconf 82' lang='lat' dir='ltr'>catholica</span> <span class='ocrx_word' id='word_1_80' title='bbox 755 1651 917 1749; x_wconf 79' lang='lat' dir='ltr'>separari,</span> <span class='ocrx_word' id='word_1_81' title='bbox 939 1654 1136 1731; x_wconf 80' lang='lat' dir='ltr'>catholicus</span> <span class='ocrx_word' id='word_1_82' title='bbox 1156 1650 1296 1734; x_wconf 76' lang='lat' dir='ltr'>Dono.</span> 
     </span>
    </p>

    <p class='ocr_par' dir='ltr' id='par_1_7' title="bbox 263 1739 1296 1852">
     <span class='ocr_line' id='line_1_12' title="bbox 263 1739 1296 1852; baseline 0.004 -24"><span class='ocrx_word' id='word_1_83' title='bbox 263 1765 338 1836; x_wconf 82' lang='lat' dir='ltr'>ies,</span> <span class='ocrx_word' id='word_1_84' title='bbox 360 1739 656 1828; x_wconf 81' lang='lat' dir='ltr'>&amp;Praedicatores</span> <span class='ocrx_word' id='word_1_85' title='bbox 668 1748 787 1849; x_wconf 77' lang='lat' dir='ltr'>¹audire</span> <span class='ocrx_word' id='word_1_86' title='bbox 801 1752 939 1832; x_wconf 86' lang='lat' dir='ltr'>nolunt.</span> <span class='ocrx_word' id='word_1_87' title='bbox 972 1744 1073 1829; x_wconf 79' lang='lat' dir='ltr'>Tales</span> <span class='ocrx_word' id='word_1_88' title='bbox 1089 1750 1296 1852; x_wconf 84' lang='lat' dir='ltr'>quicunque</span> 
     </span>
    </p>

    <p class='ocr_par' dir='ltr' id='par_1_8' title="bbox 264 1844 1295 1946">
     <span class='ocr_line' id='line_1_13' title="bbox 264 1844 1295 1946; baseline 0.004 -18"><span class='ocrx_word' id='word_1_89' title='bbox 264 1855 302 1928; x_wconf 89' lang='lat' dir='ltr'>in</span> <span class='ocrx_word' id='word_1_90' title='bbox 329 1853 530 1928; x_wconf 78' lang='lat' dir='ltr'>criminibus</span> <span class='ocrx_word' id='word_1_91' title='bbox 554 1850 618 1944; x_wconf 84' lang='lat' dir='ltr'>suis</span> <span class='ocrx_word' id='word_1_92' title='bbox 639 1854 823 1946; x_wconf 82' lang='lat' dir='ltr'>obdurati,</span> <span class='ocrx_word' id='word_1_93' title='bbox 841 1856 877 1927; x_wconf 69' lang='grc' dir='ltr'>δι</span> <span class='ocrx_word' id='word_1_94' title='bbox 902 1848 1086 1938; x_wconf 84' lang='lat' dir='ltr'>obstinati,</span> <span class='ocrx_word' id='word_1_95' title='bbox 1108 1844 1161 1928; x_wconf 80' lang='lat' dir='ltr'>fin</span> <span class='ocrx_word' id='word_1_96' title='bbox 1178 1856 1295 1932; x_wconf 84' lang='lat' dir='ltr'>miuus</span> 
     </span>
    </p>

    <p class='ocr_par' dir='ltr' id='par_1_9' title="bbox 256 1942 1459 2344">
     <span class='ocr_line' id='line_1_14' title="bbox 262 1942 1441 2049; baseline -0.003 -22"><span class='ocrx_word' id='word_1_97' title='bbox 262 1973 377 2037; x_wconf 78' lang='lat' dir='ltr'>voce,</span> <span class='ocrx_word' id='word_1_98' title='bbox 391 1953 511 2028; x_wconf 85' lang='lat' dir='ltr'>animo</span> <span class='ocrx_word' id='word_1_99' title='bbox 533 1968 648 2033; x_wconf 88' lang='lat' dir='ltr'>certe,</span> <span class='ocrx_word' id='word_1_100' title='bbox 671 1950 832 2049; x_wconf 67' lang='lat' dir='ltr'>iustisque</span> <span class='ocrx_word' id='word_1_101' title='bbox 853 1942 938 2029; x_wconf 87' lang='lat' dir='ltr'>Deo</span> <span class='ocrx_word' id='word_1_102' title='bbox 960 1952 1111 2029; x_wconf 84' lang='lat' dir='ltr'>dicunt:</span> <span class='ocrx_word' id='word_1_103' title='bbox 1135 1952 1441 2030; x_wconf 67' lang='lat' dir='ltr'>marcennae</span> 
     </span>
     <span class='ocr_line' id='line_1_15' title="bbox 263 2047 1294 2148; baseline -0.003 -26"><span class='ocrx_word' id='word_1_104' title='bbox 263 2047 356 2122; x_wconf 82' lang='lat' dir='ltr'>nubis</span> <span class='ocrx_word' id='word_1_105' title='bbox 372 2106 383 2136; x_wconf 86' lang='lat'><strong>‚</strong></span> <span class='ocrx_word' id='word_1_106' title='bbox 398 2050 567 2135; x_wconf 78' lang='lat' dir='ltr'>scientiam</span> <span class='ocrx_word' id='word_1_107' title='bbox 591 2052 723 2119; x_wconf 80' lang='lat' dir='ltr'>viarum</span> <span class='ocrx_word' id='word_1_108' title='bbox 747 2070 880 2123; x_wconf 76' lang='lat' dir='ltr'>tuarum</span> <span class='ocrx_word' id='word_1_109' title='bbox 902 2051 1059 2134; x_wconf 80' lang='lat' dir='ltr'>nolumus,</span> <span class='ocrx_word' id='word_1_110' title='bbox 1096 2048 1156 2131; x_wconf 82' lang='lat' dir='ltr'>De</span> <span class='ocrx_word' id='word_1_111' title='bbox 1181 2050 1294 2148; x_wconf 82' lang='lat' dir='ltr'>hujus·</span> 
     </span>
     <span class='ocr_line' id='line_1_16' title="bbox 261 2140 1459 2249; baseline -0.008 -23"><span class='ocrx_word' id='word_1_112' title='bbox 261 2148 562 2226; x_wconf 85' lang='lat' dir='ltr'>rnedihuminum</span> <span class='ocrx_word' id='word_1_113' title='bbox 585 2166 715 2245; x_wconf 82' lang='lat' dir='ltr'>genere</span> <span class='ocrx_word' id='word_1_114' title='bbox 739 2147 868 2249; x_wconf 76' lang='lat' dir='ltr'>snpienu</span> <span class='ocrx_word' id='word_1_115' title='bbox 897 2147 965 2228; x_wconf 84' lang='lat' dir='ltr'>ait:</span> <span class='ocrx_word' id='word_1_116' title='bbox 987 2148 1094 2238; x_wconf 81' lang='lat' dir='ltr'>Viro,</span> <span class='ocrx_word' id='word_1_117' title='bbox 1113 2152 1171 2248; x_wconf 76' lang='lat' dir='ltr'>qui</span> <span class='ocrx_word' id='word_1_118' title='bbox 1192 2154 1295 2223; x_wconf 81' lang='lat' dir='ltr'>curri.</span> <span class='ocrx_word' id='word_1_119' title='bbox 1312 2140 1396 2213; x_wconf 73' lang='lat' dir='ltr'>Pron</span> <span class='ocrx_word' id='word_1_120' title='bbox 1410 2158 1459 2217; x_wconf 71' lang='lat'>25·</span> 
     </span>
     <span class='ocr_line' id='line_1_17' title="bbox 256 2246 1298 2344; baseline 0.006 -27"><span class='ocrx_word' id='word_1_121' title='bbox 256 2246 400 2343; x_wconf 78' lang='lat' dir='ltr'>pienrem</span> <span class='ocrx_word' id='word_1_122' title='bbox 413 2255 495 2320; x_wconf 83' lang='lat' dir='ltr'>dura</span> <span class='ocrx_word' id='word_1_123' title='bbox 515 2252 641 2318; x_wconf 80' lang='lat' dir='ltr'>ceruice</span> <span class='ocrx_word' id='word_1_124' title='bbox 662 2253 838 2320; x_wconf 77' lang='lat' dir='ltr'>contemnit</span> <span class='ocrx_word' id='word_1_125' title='bbox 848 2301 860 2334; x_wconf 89' lang='lat'><em>,</em></span> <span class='ocrx_word' id='word_1_126' title='bbox 880 2253 1036 2344; x_wconf 51' lang='lat' dir='ltr'>repentini</span> <span class='ocrx_word' id='word_1_127' title='bbox 1056 2276 1066 2309; x_wconf 84' lang='lat'>·.</span> <span class='ocrx_word' id='word_1_128' title='bbox 1089 2255 1120 2319; x_wconf 87' lang='lat' dir='ltr'>ei</span> <span class='ocrx_word' id='word_1_129' title='bbox 1142 2249 1298 2342; x_wconf 74' lang='lat' dir='ltr'>superne·</span> 
     </span>
    </p>

    <p class='ocr_par' dir='ltr' id='par_1_10' title="bbox 262 2340 1293 2446">
     <span class='ocr_line' id='line_1_18' title="bbox 262 2340 1293 2446; baseline -0.002 -27"><span class='ocrx_word' id='word_1_130' title='bbox 262 2340 330 2419; x_wconf 75' lang='lat' dir='ltr'>nice</span> <span class='ocrx_word' id='word_1_131' title='bbox 345 2351 501 2419; x_wconf 79' lang='lat' dir='ltr'>interitus</span> <span class='ocrx_word' id='word_1_132' title='bbox 512 2376 525 2428; x_wconf 86' lang='lat'>,·</span> <span class='ocrx_word' id='word_1_133' title='bbox 536 2355 574 2420; x_wconf 68' lang='lat' dir='ltr'>ci*</span> <span class='ocrx_word' id='word_1_134' title='bbox 592 2370 662 2416; x_wconf 84' lang='lat' dir='ltr'>eum</span> <span class='ocrx_word' id='word_1_135' title='bbox 675 2347 799 2432; x_wconf 61' lang='lat' dir='ltr'>uenires</span> <span class='ocrx_word' id='word_1_136' title='bbox 818 2373 880 2419; x_wconf 85' lang='lat' dir='ltr'>non</span> <span class='ocrx_word' id='word_1_137' title='bbox 893 2350 1054 2446; x_wconf 75' lang='lat' dir='ltr'>sequetur,</span> <span class='ocrx_word' id='word_1_138' title='bbox 1080 2343 1183 2428; x_wconf 60' lang='lat' dir='ltr'>Tales</span> <span class='ocrx_word' id='word_1_139' title='bbox 1194 2349 1293 2437; x_wconf 78' lang='lat' dir='ltr'>sunt,</span> 
     </span>
    </p>

    <p class='ocr_par' dir='ltr' id='par_1_11' title="bbox 260 2446 1441 3046">
     <span class='ocr_line' id='line_1_19' title="bbox 261 2446 1296 2547; baseline 0 -21"><span class='ocrx_word' id='word_1_140' title='bbox 261 2452 324 2546; x_wconf 85' lang='lat' dir='ltr'>qui</span> <span class='ocrx_word' id='word_1_141' title='bbox 350 2464 492 2547; x_wconf 80' lang='lat' dir='ltr'>peccata</span> <span class='ocrx_word' id='word_1_142' title='bbox 513 2449 663 2524; x_wconf 84' lang='lat' dir='ltr'>sunnon</span> <span class='ocrx_word' id='word_1_143' title='bbox 687 2446 799 2525; x_wconf 86' lang='lat' dir='ltr'>seium</span> <span class='ocrx_word' id='word_1_144' title='bbox 829 2474 902 2526; x_wconf 91' lang='lat' dir='ltr'>non</span> <span class='ocrx_word' id='word_1_145' title='bbox 925 2450 1124 2547; x_wconf 81' lang='lat' dir='ltr'>plangunt,</span> <span class='ocrx_word' id='word_1_146' title='bbox 1151 2450 1207 2525; x_wconf 86' lang='lat' dir='ltr'>sed</span> <span class='ocrx_word' id='word_1_147' title='bbox 1235 2450 1296 2526; x_wconf 90' lang='lat' dir='ltr'>de·</span> 
     </span>
     <span class='ocr_line' id='line_1_20' title="bbox 260 2547 1294 2636; baseline 0.003 -14"><span class='ocrx_word' id='word_1_148' title='bbox 260 2548 432 2636; x_wconf 72' lang='lat' dir='ltr'>studunt3</span> <span class='ocrx_word' id='word_1_149' title='bbox 450 2572 522 2624; x_wconf 92' lang='lat' dir='ltr'>non</span> <span class='ocrx_word' id='word_1_150' title='bbox 537 2547 649 2624; x_wconf 88' lang='lat' dir='ltr'>solum</span> <span class='ocrx_word' id='word_1_151' title='bbox 667 2571 743 2624; x_wconf 91' lang='lat' dir='ltr'>nun</span> <span class='ocrx_word' id='word_1_152' title='bbox 760 2549 977 2626; x_wconf 87' lang='lat' dir='ltr'>confitentur</span> <span class='ocrx_word' id='word_1_153' title='bbox 991 2600 1001 2633; x_wconf 90' lang='lat'>,</span> <span class='ocrx_word' id='word_1_154' title='bbox 1015 2551 1071 2626; x_wconf 84' lang='lat' dir='ltr'>sed</span> <span class='ocrx_word' id='word_1_155' title='bbox 1091 2553 1127 2624; x_wconf 90' lang='lat' dir='ltr'>in</span> <span class='ocrx_word' id='word_1_156' title='bbox 1149 2549 1211 2625; x_wconf 89' lang='lat' dir='ltr'>iliis</span> <span class='ocrx_word' id='word_1_157' title='bbox 1230 2554 1294 2625; x_wconf 87' lang='lat' dir='ltr'>im-</span> 
     </span>
     <span class='ocr_line' id='line_1_21' title="bbox 262 2636 1441 2747; baseline 0.003 -23"><span class='ocrx_word' id='word_1_158' title='bbox 262 2649 435 2745; x_wconf 88' lang='lat' dir='ltr'>pudenter</span> <span class='ocrx_word' id='word_1_159' title='bbox 454 2648 651 2744; x_wconf 84' lang='lat' dir='ltr'>glutiuntur</span> <span class='ocrx_word' id='word_1_160' title='bbox 676 2667 688 2741; x_wconf 84' lang='lat'>3</span> <span class='ocrx_word' id='word_1_161' title='bbox 709 2652 769 2747; x_wconf 89' lang='lat' dir='ltr'>qui</span> <span class='ocrx_word' id='word_1_162' title='bbox 790 2669 954 2746; x_wconf 81' lang='lat' dir='ltr'>potenter</span> <span class='ocrx_word' id='word_1_163' title='bbox 973 2652 1008 2725; x_wconf 89' lang='lat' dir='ltr'>in</span> <span class='ocrx_word' id='word_1_164' title='bbox 1031 2651 1233 2745; x_wconf 82' lang='lat' dir='ltr'>iniquitate,</span> <span class='ocrx_word' id='word_1_165' title='bbox 1257 2654 1296 2728; x_wconf 69' lang='grc' dir='ltr'>δι</span> <span class='ocrx_word' id='word_1_166' title='bbox 1311 2636 1397 2706; x_wconf 58' lang='grc' dir='ltr'>Μ</span> <span class='ocrx_word' id='word_1_167' title='bbox 1410 2648 1441 2705; x_wconf 77' lang='lat'>¹¹</span> 
     </span>
     <span class='ocr_line' id='line_1_22' title="bbox 260 2747 1293 2846; baseline 0.004 -25"><span class='ocrx_word' id='word_1_168' title='bbox 260 2764 532 2824; x_wconf 85' lang='lat' dir='ltr'>contemnentes</span> <span class='ocrx_word' id='word_1_169' title='bbox 563 2771 646 2823; x_wconf 90' lang='lat' dir='ltr'>cum</span> <span class='ocrx_word' id='word_1_170' title='bbox 676 2747 710 2821; x_wconf 91' lang='lat' dir='ltr'>in</span> <span class='ocrx_word' id='word_1_171' title='bbox 735 2750 953 2844; x_wconf 82' lang='lat' dir='ltr'>profundum</span> <span class='ocrx_word' id='word_1_172' title='bbox 983 2767 1211 2846; x_wconf 82' lang='lat' dir='ltr'>peccatorum</span> <span class='ocrx_word' id='word_1_173' title='bbox 1235 2774 1293 2825; x_wconf 86' lang='lat' dir='ltr'>ve·</span> 
     </span>
     <span class='ocr_line' id='line_1_23' title="bbox 260 2846 1294 2945; baseline 0.004 -22"><span class='ocrx_word' id='word_1_174' title='bbox 260 2850 396 2929; x_wconf 83' lang='lat' dir='ltr'>nerim,</span> <span class='ocrx_word' id='word_1_175' title='bbox 418 2847 608 2922; x_wconf 86' lang='lat' dir='ltr'>secundum</span> <span class='ocrx_word' id='word_1_176' title='bbox 623 2846 786 2922; x_wconf 84' lang='lat' dir='ltr'>duritiem</span> <span class='ocrx_word' id='word_1_177' title='bbox 801 2847 894 2923; x_wconf 84' lang='lat' dir='ltr'>suam</span> <span class='ocrx_word' id='word_1_178' title='bbox 907 2895 916 2921; x_wconf 78' lang='grc'><em>,</em></span> <span class='ocrx_word' id='word_1_179' title='bbox 931 2851 966 2923; x_wconf 85' lang='lat'>&amp;</span> <span class='ocrx_word' id='word_1_180' title='bbox 984 2852 1211 2945; x_wconf 87' lang='lat' dir='ltr'>impoeuiteur</span> <span class='ocrx_word' id='word_1_181' title='bbox 1228 2873 1294 2929; x_wconf 90' lang='lat' dir='ltr'>cor</span> 
     </span>
     <span class='ocr_line' id='line_1_24' title="bbox 260 2945 1305 3046; baseline 0.006 -27"><span class='ocrx_word' id='word_1_182' title='bbox 260 2946 495 3022; x_wconf 81' lang='lat' dir='ltr'>thesaurizant</span> <span class='ocrx_word' id='word_1_183' title='bbox 519 2945 577 3019; x_wconf 85' lang='lat' dir='ltr'>fibi</span> <span class='ocrx_word' id='word_1_184' title='bbox 595 2949 680 3020; x_wconf 85' lang='lat' dir='ltr'>iram</span> <span class='ocrx_word' id='word_1_185' title='bbox 708 2945 817 3019; x_wconf 88' lang='lat' dir='ltr'>indie</span> <span class='ocrx_word' id='word_1_186' title='bbox 840 2950 917 3028; x_wconf 75' lang='lat' dir='ltr'>ire,</span> <span class='ocrx_word' id='word_1_187' title='bbox 937 2950 972 3022; x_wconf 70' lang='grc' dir='ltr'>δι</span> <span class='ocrx_word' id='word_1_188' title='bbox 999 2947 1218 3028; x_wconf 81' lang='lat' dir='ltr'>revelationis</span> <span class='ocrx_word' id='word_1_189' title='bbox 1238 2952 1305 3046; x_wconf 72' lang='lat' dir='ltr'>ju-v</span> 
     </span>
    </p>

    <p class='ocr_par' dir='ltr' id='par_1_12' title="bbox 260 3041 545 3139">
     <span class='ocr_line' id='line_1_25' title="bbox 260 3041 545 3139; baseline 0.014 -20"><span class='ocrx_word' id='word_1_190' title='bbox 260 3041 300 3119; x_wconf 89' lang='lat' dir='ltr'>sti</span> <span class='ocrx_word' id='word_1_191' title='bbox 321 3041 447 3139; x_wconf 83' lang='lat' dir='ltr'>judicii</span> <span class='ocrx_word' id='word_1_192' title='bbox 463 3042 545 3123; x_wconf 79' lang='lat' dir='ltr'>Dei.</span> 
     </span>
    </p>

    <p class='ocr_par' dir='ltr' id='par_1_13' title="bbox 257 3141 1439 4634">
     <span class='ocr_line' id='line_1_26' title="bbox 314 3141 1296 3242; baseline 0.003 -23"><span class='ocrx_word' id='word_1_193' title='bbox 314 3144 445 3228; x_wconf 80' lang='lat' dir='ltr'>Semo,</span> <span class='ocrx_word' id='word_1_194' title='bbox 463 3156 611 3238; x_wconf 83' lang='lat' dir='ltr'>peccant</span> <span class='ocrx_word' id='word_1_195' title='bbox 631 3145 665 3216; x_wconf 93' lang='lat' dir='ltr'>in</span> <span class='ocrx_word' id='word_1_196' title='bbox 691 3142 860 3237; x_wconf 88' lang='lat' dir='ltr'>Spiritum</span> <span class='ocrx_word' id='word_1_197' title='bbox 877 3141 1029 3220; x_wconf 81' lang='lat' dir='ltr'>sanuun</span> <span class='ocrx_word' id='word_1_198' title='bbox 1050 3192 1060 3220; x_wconf 80' lang='lat'>‚</span> <span class='ocrx_word' id='word_1_199' title='bbox 1088 3147 1149 3242; x_wconf 88' lang='lat' dir='ltr'>qui</span> <span class='ocrx_word' id='word_1_200' title='bbox 1173 3163 1296 3240; x_wconf 83' lang='lat' dir='ltr'>pecca·</span> 
     </span>
     <span class='ocr_line' id='line_1_27' title="bbox 261 3238 1298 3338; baseline 0 -17"><span class='ocrx_word' id='word_1_201' title='bbox 261 3259 384 3321; x_wconf 86' lang='lat' dir='ltr'>torum</span> <span class='ocrx_word' id='word_1_202' title='bbox 409 3238 663 3318; x_wconf 84' lang='lat' dir='ltr'>suorumfinem</span> <span class='ocrx_word' id='word_1_203' title='bbox 675 3298 684 3326; x_wconf 91' lang='lat'>‚</span> <span class='ocrx_word' id='word_1_204' title='bbox 698 3247 920 3338; x_wconf 87' lang='lat' dir='ltr'>modumque</span> <span class='ocrx_word' id='word_1_205' title='bbox 937 3243 1072 3317; x_wconf 87' lang='lat' dir='ltr'>nulium</span> <span class='ocrx_word' id='word_1_206' title='bbox 1086 3246 1218 3321; x_wconf 82' lang='lat' dir='ltr'>iaciunt</span> <span class='ocrx_word' id='word_1_207' title='bbox 1233 3298 1244 3328; x_wconf 88' lang='lat'>,</span> <span class='ocrx_word' id='word_1_208' title='bbox 1257 3268 1298 3321; x_wconf 87' lang='lat' dir='ltr'>ac</span> 
     </span>
     <span class='ocr_line' id='line_1_28' title="bbox 259 3341 1298 3440; baseline 0.003 -23"><span class='ocrx_word' id='word_1_209' title='bbox 259 3359 471 3440; x_wconf 88' lang='lat' dir='ltr'>proponunt</span> <span class='ocrx_word' id='word_1_210' title='bbox 483 3342 619 3438; x_wconf 86' lang='lat' dir='ltr'>insuper</span> <span class='ocrx_word' id='word_1_211' title='bbox 639 3341 672 3415; x_wconf 82' lang='lat' dir='ltr'>i&#39;e</span> <span class='ocrx_word' id='word_1_212' title='bbox 687 3343 781 3416; x_wconf 86' lang='lat' dir='ltr'>noiie</span> <span class='ocrx_word' id='word_1_213' title='bbox 793 3365 949 3439; x_wconf 83' lang='lat' dir='ltr'>unquam</span> <span class='ocrx_word' id='word_1_214' title='bbox 959 3345 1204 3436; x_wconf 82' lang='lat' dir='ltr'>poenitentiam</span> <span class='ocrx_word' id='word_1_215' title='bbox 1216 3357 1298 3440; x_wconf 76' lang='lat' dir='ltr'>nge·</span> 
     </span>
     <span class='ocr_line' id='line_1_29' title="bbox 260 3441 1292 3545; baseline 0 -27"><span class='ocrx_word' id='word_1_216' title='bbox 260 3467 312 3523; x_wconf 81' lang='lat' dir='ltr'>re.</span> <span class='ocrx_word' id='word_1_217' title='bbox 344 3441 485 3517; x_wconf 89' lang='lat' dir='ltr'>Horum</span> <span class='ocrx_word' id='word_1_218' title='bbox 503 3459 541 3517; x_wconf 86' lang='lat' dir='ltr'>ut</span> <span class='ocrx_word' id='word_1_219' title='bbox 556 3444 623 3517; x_wconf 82' lang='lat' dir='ltr'>vite</span> <span class='ocrx_word' id='word_1_220' title='bbox 639 3495 647 3524; x_wconf 85' lang='lat'>,</span> <span class='ocrx_word' id='word_1_221' title='bbox 661 3444 706 3515; x_wconf 83' lang='lat' dir='ltr'>im</span> <span class='ocrx_word' id='word_1_222' title='bbox 721 3442 754 3515; x_wconf 89' lang='lat'>&amp;</span> <span class='ocrx_word' id='word_1_223' title='bbox 769 3447 861 3509; x_wconf 82' lang='lat' dir='ltr'>Mors</span> <span class='ocrx_word' id='word_1_224' title='bbox 880 3442 1006 3533; x_wconf 82' lang='lat' dir='ltr'>peffima</span> <span class='ocrx_word' id='word_1_225' title='bbox 1018 3443 1087 3528; x_wconf 80' lang='lat' dir='ltr'>est,</span> <span class='ocrx_word' id='word_1_226' title='bbox 1104 3451 1163 3541; x_wconf 87' lang='lat' dir='ltr'>qui</span> <span class='ocrx_word' id='word_1_227' title='bbox 1177 3460 1292 3545; x_wconf 57' lang='lat' dir='ltr'>extrng</span> 
     </span>
     <span class='ocr_line' id='line_1_30' title="bbox 261 3539 1435 3641; baseline -0.005 -23"><span class='ocrx_word' id='word_1_228' title='bbox 261 3557 410 3641; x_wconf 83' lang='lat' dir='ltr'>guentes</span> <span class='ocrx_word' id='word_1_229' title='bbox 429 3545 463 3614; x_wconf 93' lang='lat' dir='ltr'>in</span> <span class='ocrx_word' id='word_1_230' title='bbox 484 3539 594 3637; x_wconf 78' lang='lat' dir='ltr'>seipsis</span> <span class='ocrx_word' id='word_1_231' title='bbox 618 3542 790 3634; x_wconf 89' lang='lat' dir='ltr'>Spiritum</span> <span class='ocrx_word' id='word_1_232' title='bbox 822 3540 905 3617; x_wconf 70' lang='lat' dir='ltr'>Dei,</span> <span class='ocrx_word' id='word_1_233' title='bbox 925 3544 960 3615; x_wconf 71' lang='grc' dir='ltr'>ἂ</span> <span class='ocrx_word' id='word_1_234' title='bbox 981 3541 1137 3611; x_wconf 75' lang='lat' dir='ltr'>obdurari</span> <span class='ocrx_word' id='word_1_235' title='bbox 1158 3540 1290 3631; x_wconf 61' lang='lat' dir='ltr'>piniario</span> <span class='ocrx_word' id='word_1_236' title='bbox 1308 3545 1395 3620; x_wconf 79' lang='lat' dir='ltr'>Hebe.</span> <span class='ocrx_word' id='word_1_237' title='bbox 1409 3562 1435 3626; x_wconf 79' lang='lat'>3.</span> 
     </span>
     <span class='ocr_line' id='line_1_31' title="bbox 258 3638 1286 3738; baseline 0.01 -30"><span class='ocrx_word' id='word_1_238' title='bbox 258 3644 403 3738; x_wconf 69' lang='lat' dir='ltr'>peccari,</span> <span class='ocrx_word' id='word_1_239' title='bbox 422 3638 470 3716; x_wconf 88' lang='lat' dir='ltr'>fin</span> <span class='ocrx_word' id='word_1_240' title='bbox 483 3644 597 3715; x_wconf 79' lang='lat' dir='ltr'>minus</span> <span class='ocrx_word' id='word_1_241' title='bbox 610 3643 743 3726; x_wconf 83' lang='lat' dir='ltr'>verbis,</span> <span class='ocrx_word' id='word_1_242' title='bbox 762 3657 797 3715; x_wconf 79' lang='lat' dir='ltr'>at</span> <span class='ocrx_word' id='word_1_243' title='bbox 814 3665 850 3716; x_wconf 90' lang='lat' dir='ltr'>re</span> <span class='ocrx_word' id='word_1_244' title='bbox 871 3641 939 3737; x_wconf 80' lang='lat' dir='ltr'>ipsa</span> <span class='ocrx_word' id='word_1_245' title='bbox 960 3641 1075 3720; x_wconf 89' lang='lat' dir='ltr'>dicere</span> <span class='ocrx_word' id='word_1_246' title='bbox 1094 3641 1286 3727; x_wconf 70' lang='lat' dir='ltr'>videnturx</span> 
     </span>
     <span class='ocr_line' id='line_1_32' title="bbox 258 3737 1288 3833; baseline 0 -20"><span class='ocrx_word' id='word_1_247' title='bbox 258 3740 469 3833; x_wconf 81' lang='lat' dir='ltr'>Percuffimur</span> <span class='ocrx_word' id='word_1_248' title='bbox 486 3737 591 3828; x_wconf 77' lang='lat' dir='ltr'>fredus</span> <span class='ocrx_word' id='word_1_249' title='bbox 615 3763 684 3807; x_wconf 84' lang='lat' dir='ltr'>cum</span> <span class='ocrx_word' id='word_1_250' title='bbox 707 3759 831 3826; x_wconf 73' lang='lat' dir='ltr'>neuere,</span> <span class='ocrx_word' id='word_1_251' title='bbox 851 3742 893 3811; x_wconf 61' lang='grc' dir='ltr'><em>Θ</em></span> <span class='ocrx_word' id='word_1_252' title='bbox 912 3766 982 3810; x_wconf 85' lang='lat' dir='ltr'>cum</span> <span class='ocrx_word' id='word_1_253' title='bbox 1009 3738 1135 3828; x_wconf 74' lang='lat' dir='ltr'>inferno</span> <span class='ocrx_word' id='word_1_254' title='bbox 1151 3739 1288 3831; x_wconf 78' lang='lat' dir='ltr'>fecimus</span> 
     </span>
     <span class='ocr_line' id='line_1_33' title="bbox 257 3832 1439 3936; baseline 0.007 -27"><span class='ocrx_word' id='word_1_255' title='bbox 257 3841 397 3936; x_wconf 66' lang='lat' dir='ltr'>parium,</span> <span class='ocrx_word' id='word_1_256' title='bbox 427 3836 567 3933; x_wconf 85' lang='lat' dir='ltr'>Horum</span> <span class='ocrx_word' id='word_1_257' title='bbox 585 3842 727 3933; x_wconf 81' lang='lat' dir='ltr'>proprie</span> <span class='ocrx_word' id='word_1_258' title='bbox 743 3847 908 3910; x_wconf 76' lang='lat' dir='ltr'>Peccatum</span> <span class='ocrx_word' id='word_1_259' title='bbox 920 3848 961 3910; x_wconf 77' lang='lat' dir='ltr'>ad</span> <span class='ocrx_word' id='word_1_260' title='bbox 982 3860 1119 3912; x_wconf 79' lang='lat' dir='ltr'>mortem</span> <span class='ocrx_word' id='word_1_261' title='bbox 1135 3838 1186 3920; x_wconf 75' lang='lat' dir='ltr'>est.</span> <span class='ocrx_word' id='word_1_262' title='bbox 1213 3841 1284 3918; x_wconf 86' lang='lat' dir='ltr'>Per·</span> <span class='ocrx_word' id='word_1_263' title='bbox 1308 3832 1371 3897; x_wconf 77' lang='lat' dir='ltr'>isai.</span> <span class='ocrx_word' id='word_1_264' title='bbox 1389 3840 1439 3902; x_wconf 79' lang='lat'>²¹·</span> 
     </span>
     <span class='ocr_line' id='line_1_34' title="bbox 258 3939 1292 4039; baseline 0.001 -23"><span class='ocrx_word' id='word_1_265' title='bbox 258 3941 415 4017; x_wconf 81' lang='lat' dir='ltr'>severam</span> <span class='ocrx_word' id='word_1_266' title='bbox 438 3939 492 4014; x_wconf 83' lang='lat' dir='ltr'>iila</span> <span class='ocrx_word' id='word_1_267' title='bbox 526 3940 642 4014; x_wconf 88' lang='lat' dir='ltr'>cordis</span> <span class='ocrx_word' id='word_1_268' title='bbox 663 3943 919 4034; x_wconf 82' lang='lat' dir='ltr'>impoenitentis</span> <span class='ocrx_word' id='word_1_269' title='bbox 945 3941 1069 4016; x_wconf 86' lang='lat' dir='ltr'>duritia</span> <span class='ocrx_word' id='word_1_270' title='bbox 1102 3943 1186 4018; x_wconf 88' lang='lat' dir='ltr'>iilud</span> <span class='ocrx_word' id='word_1_271' title='bbox 1211 3966 1292 4039; x_wconf 88' lang='lat' dir='ltr'>pro-</span> 
     </span>
     <span class='ocr_line' id='line_1_35' title="bbox 259 4038 1420 4136; baseline 0.005 -24"><span class='ocrx_word' id='word_1_272' title='bbox 259 4044 335 4135; x_wconf 87' lang='lat' dir='ltr'>prie</span> <span class='ocrx_word' id='word_1_273' title='bbox 355 4053 538 4136; x_wconf 82' lang='lat' dir='ltr'>peccatum</span> <span class='ocrx_word' id='word_1_274' title='bbox 556 4038 623 4121; x_wconf 90' lang='lat' dir='ltr'>est,</span> <span class='ocrx_word' id='word_1_275' title='bbox 640 4038 739 4136; x_wconf 89' lang='lat' dir='ltr'>quod</span> <span class='ocrx_word' id='word_1_276' title='bbox 763 4096 784 4129; x_wconf 91' lang='lat'><strong>„</strong></span> <span class='ocrx_word' id='word_1_277' title='bbox 798 4096 819 4131; x_wconf 85' lang='lat'>‚,</span> <span class='ocrx_word' id='word_1_278' title='bbox 844 4039 931 4115; x_wconf 89' lang='lat' dir='ltr'>Nun</span> <span class='ocrx_word' id='word_1_279' title='bbox 944 4038 1295 4118; x_wconf 84' lang='lat' dir='ltr'>habetremiiiionenr</span> <span class='ocrx_word' id='word_1_280' title='bbox 1409 4077 1420 4102; x_wconf 65' lang='grc' dir='ltr'><em>ν</em></span> 
     </span>
     <span class='ocr_line' id='line_1_36' title="bbox 260 4137 1303 4234; baseline 0.002 -21"><span class='ocrx_word' id='word_1_281' title='bbox 260 4162 377 4233; x_wconf 85' lang='lat' dir='ltr'>neque</span> <span class='ocrx_word' id='word_1_282' title='bbox 400 4142 434 4211; x_wconf 95' lang='lat' dir='ltr'>in</span> <span class='ocrx_word' id='word_1_283' title='bbox 450 4137 520 4210; x_wconf 86' lang='lat' dir='ltr'>hnc</span> <span class='ocrx_word' id='word_1_284' title='bbox 548 4137 688 4212; x_wconf 76' lang='lat' dir='ltr'>seculo,</span> <span class='ocrx_word' id='word_1_285' title='bbox 708 4160 822 4234; x_wconf 90' lang='lat' dir='ltr'>neque</span> <span class='ocrx_word' id='word_1_286' title='bbox 845 4143 882 4213; x_wconf 91' lang='lat' dir='ltr'>in</span> <span class='ocrx_word' id='word_1_287' title='bbox 902 4140 1023 4216; x_wconf 82' lang='lat' dir='ltr'>futuro</span> <span class='ocrx_word' id='word_1_288' title='bbox 1052 4144 1157 4234; x_wconf 85' lang='lat' dir='ltr'>3quia</span> <span class='ocrx_word' id='word_1_289' title='bbox 1177 4142 1303 4232; x_wconf 84' lang='lat' dir='ltr'>pueni·¹</span> 
     </span>
     <span class='ocr_line' id='line_1_37' title="bbox 260 4233 1295 4331; baseline 0 -20"><span class='ocrx_word' id='word_1_290' title='bbox 260 4241 370 4311; x_wconf 84' lang='lat' dir='ltr'>tentia</span> <span class='ocrx_word' id='word_1_291' title='bbox 392 4240 553 4327; x_wconf 84' lang='lat' dir='ltr'>impetrat</span> <span class='ocrx_word' id='word_1_292' title='bbox 575 4233 809 4313; x_wconf 82' lang='lat' dir='ltr'>remiffronem</span> <span class='ocrx_word' id='word_1_293' title='bbox 829 4240 863 4313; x_wconf 90' lang='lat' dir='ltr'>in</span> <span class='ocrx_word' id='word_1_294' title='bbox 887 4236 960 4315; x_wconf 92' lang='lat' dir='ltr'>hoc</span> <span class='ocrx_word' id='word_1_295' title='bbox 982 4238 1123 4315; x_wconf 72' lang='lat' dir='ltr'>seculo,</span> <span class='ocrx_word' id='word_1_296' title='bbox 1144 4264 1295 4331; x_wconf 82' lang='lat' dir='ltr'>qnaera·</span> 
     </span>
     <span class='ocr_line' id='line_1_38' title="bbox 258 4332 1293 4433; baseline 0.007 -27"><span class='ocrx_word' id='word_1_297' title='bbox 258 4335 329 4412; x_wconf 82' lang='lat' dir='ltr'>lent</span> <span class='ocrx_word' id='word_1_298' title='bbox 351 4340 385 4409; x_wconf 92' lang='lat' dir='ltr'>in</span> <span class='ocrx_word' id='word_1_299' title='bbox 402 4333 522 4409; x_wconf 85' lang='lat' dir='ltr'>futuro</span> <span class='ocrx_word' id='word_1_300' title='bbox 539 4359 548 4424; x_wconf 92' lang='grc'><strong>;</strong></span> <span class='ocrx_word' id='word_1_301' title='bbox 565 4332 619 4408; x_wconf 80' lang='lat' dir='ltr'>ieri</span> <span class='ocrx_word' id='word_1_302' title='bbox 639 4336 697 4410; x_wconf 82' lang='lat' dir='ltr'>istu</span> <span class='ocrx_word' id='word_1_303' title='bbox 723 4339 1002 4431; x_wconf 84' lang='lat' dir='ltr'>impoenitentia,</span> <span class='ocrx_word' id='word_1_304' title='bbox 1019 4340 1073 4411; x_wconf 89' lang='lat' dir='ltr'>vei</span> <span class='ocrx_word' id='word_1_305' title='bbox 1087 4362 1150 4415; x_wconf 91' lang='lat' dir='ltr'>cur</span> <span class='ocrx_word' id='word_1_306' title='bbox 1164 4342 1293 4433; x_wconf 86' lang='lat' dir='ltr'>impue-</span> 
     </span>
     <span class='ocr_line' id='line_1_39' title="bbox 258 4433 1293 4532; baseline -0.003 -21"><span class='ocrx_word' id='word_1_307' title='bbox 258 4438 395 4511; x_wconf 79' lang='lat' dir='ltr'>nitens,</span> <span class='ocrx_word' id='word_1_308' title='bbox 414 4434 581 4528; x_wconf 82' lang='lat' dir='ltr'>quamdiu</span> <span class='ocrx_word' id='word_1_309' title='bbox 602 4433 746 4529; x_wconf 83' lang='lat' dir='ltr'>quisque</span> <span class='ocrx_word' id='word_1_310' title='bbox 756 4438 791 4510; x_wconf 92' lang='lat' dir='ltr'>in</span> <span class='ocrx_word' id='word_1_311' title='bbox 805 4437 873 4511; x_wconf 87' lang='lat' dir='ltr'>huc</span> <span class='ocrx_word' id='word_1_312' title='bbox 891 4461 993 4512; x_wconf 85' lang='lat' dir='ltr'>carne</span> <span class='ocrx_word' id='word_1_313' title='bbox 1012 4441 1112 4521; x_wconf 84' lang='lat' dir='ltr'>vivit,</span> <span class='ocrx_word' id='word_1_314' title='bbox 1131 4461 1203 4511; x_wconf 88' lang='lat' dir='ltr'>nun</span> <span class='ocrx_word' id='word_1_315' title='bbox 1227 4460 1293 4532; x_wconf 87' lang='lat' dir='ltr'>pn-</span> 
     </span>
     <span class='ocr_line' id='line_1_40' title="bbox 259 4530 1295 4634; baseline 0.002 -22"><span class='ocrx_word' id='word_1_316' title='bbox 259 4534 325 4612; x_wconf 81' lang='lat' dir='ltr'>test</span> <span class='ocrx_word' id='word_1_317' title='bbox 338 4531 496 4629; x_wconf 81' lang='lat' dir='ltr'>judicari.</span> <span class='ocrx_word' id='word_1_318' title='bbox 522 4530 581 4612; x_wconf 86' lang='lat' dir='ltr'>De</span> <span class='ocrx_word' id='word_1_319' title='bbox 595 4533 694 4612; x_wconf 85' lang='lat' dir='ltr'>nulio</span> <span class='ocrx_word' id='word_1_320' title='bbox 706 4536 799 4607; x_wconf 85' lang='lat' dir='ltr'>enirn</span> <span class='ocrx_word' id='word_1_321' title='bbox 819 4534 1074 4634; x_wconf 77' lang='lat' dir='ltr'>desperandum</span> <span class='ocrx_word' id='word_1_322' title='bbox 1086 4536 1154 4621; x_wconf 86' lang='lat' dir='ltr'>est,</span> <span class='ocrx_word' id='word_1_323' title='bbox 1171 4558 1295 4628; x_wconf 73' lang='lat' dir='ltr'>quarn·</span> 
     </span>
    </p>
   </div>
   <div class='ocr_carea' id='block_1_3' title="bbox 695 4627 1280 4719">
    <p class='ocr_par' dir='ltr' id='par_1_14' title="bbox 695 4627 1280 4719">
     <span class='ocr_line' id='line_1_41' title="bbox 695 4627 1280 4719; baseline 0.002 -1"><span class='ocrx_word' id='word_1_324' title='bbox 695 4627 875 4718; x_wconf 75' lang='lat' dir='ltr'>une.</span> <span class='ocrx_word' id='word_1_325' title='bbox 1186 4635 1280 4719; x_wconf 70' lang='lat' dir='ltr'>mu-</span> 
     </span>
    </p>
   </div>
   <div class='ocr_carea' id='block_1_4' title="bbox 0 0 1854 5425">
    <p class='ocr_par' dir='ltr' id='par_1_15' title="bbox 0 0 1854 5425">
     <span class='ocr_line' id='line_1_42' title="bbox 0 0 1854 5425; baseline 0 1"><span class='ocrx_word' id='word_1_326' title='bbox 0 0 1854 5425; x_wconf 95' lang='lat' dir='ltr'> </span> 
     </span>
    </p>
   </div>
  </div>
 </body>
</html>
