<?xml version="1.0" encoding="UTF-8"?>
<!DOCTYPE html PUBLIC "-//W3C//DTD XHTML 1.0 Transitional//EN"
    "http://www.w3.org/TR/xhtml1/DTD/xhtml1-transitional.dtd">
<html xmlns="http://www.w3.org/1999/xhtml" xml:lang="en" lang="en">
 <head>
  <title>
</title>
<meta http-equiv="Content-Type" content="text/html;charset=utf-8" />
  <meta name='ocr-system' content='tesseract 3.04.00' />
  <meta name='ocr-capabilities' content='ocr_page ocr_carea ocr_par ocr_line ocrx_word'/>
</head>
<body>
  <div class='ocr_page' id='page_1' title='image "./theologiadogmat05alexgoog_0293.png"; bbox 0 0 3700 5425; ppageno 0'>
   <div class='ocr_carea' id='block_1_1' title="bbox 957 448 972 491">
    <p class='ocr_par' dir='ltr' id='par_1_1' title="bbox 957 448 972 491">
     <span class='ocr_line' id='line_1_1' title="bbox 957 448 972 491; baseline 0 0"><span class='ocrx_word' id='word_1_1' title='bbox 957 448 972 491; x_wconf 84' lang='lat' dir='ltr'><em>l</em></span> 
     </span>
    </p>
   </div>
   <div class='ocr_carea' id='block_1_2' title="bbox 463 563 1355 825">
    <p class='ocr_par' dir='ltr' id='par_1_2' title="bbox 463 563 1355 825">
     <span class='ocr_line' id='line_1_2' title="bbox 463 563 1355 677; baseline 0.017 -18"><span class='ocrx_word' id='word_1_2' title='bbox 463 564 556 661; x_wconf 73' lang='lat' dir='ltr'>‘De</span> <span class='ocrx_word' id='word_1_3' title='bbox 579 568 848 659; x_wconf 75' lang='lat' dir='ltr'>sacramento</span> <span class='ocrx_word' id='word_1_4' title='bbox 874 563 1153 669; x_wconf 75' lang='lat' dir='ltr'>matrimonii:</span> <span class='ocrx_word' id='word_1_5' title='bbox 1271 588 1355 677; x_wconf 75' lang='lat'>283</span> 
     </span>
     <span class='ocr_line' id='line_1_3' title="bbox 575 700 1107 825; baseline -0.004 0"><span class='ocrx_word' id='word_1_6' title='bbox 575 700 631 825; x_wconf 71' lang='lat' dir='ltr'>&#39;rr</span> <span class='ocrx_word' id='word_1_7' title='bbox 657 742 686 820; x_wconf 75' lang='lat' dir='ltr'>a</span> <span class='ocrx_word' id='word_1_8' title='bbox 711 741 747 820; x_wconf 84' lang='lat' dir='ltr'>c</span> <span class='ocrx_word' id='word_1_9' title='bbox 771 739 809 817; x_wconf 85' lang='lat' dir='ltr'>u</span> <span class='ocrx_word' id='word_1_10' title='bbox 832 741 866 822; x_wconf 83' lang='lat' dir='ltr'>u·</span> <span class='ocrx_word' id='word_1_11' title='bbox 891 744 923 821; x_wconf 81' lang='lat' dir='ltr'>a</span> <span class='ocrx_word' id='word_1_12' title='bbox 970 741 1009 822; x_wconf 81' lang='lat' dir='ltr'>v</span> <span class='ocrx_word' id='word_1_13' title='bbox 1026 738 1056 822; x_wconf 87' lang='lat'>1.</span> <span class='ocrx_word' id='word_1_14' title='bbox 1105 806 1107 811; x_wconf 85' lang='lat'>.</span> 
     </span>
    </p>
   </div>
   <div class='ocr_carea' id='block_1_3' title="bbox 304 899 1466 1204">
    <p class='ocr_par' dir='ltr' id='par_1_3' title="bbox 304 899 1466 1204">
     <span class='ocr_line' id='line_1_4' title="bbox 304 899 1357 1003; baseline -0.003 -16"><span class='ocrx_word' id='word_1_15' title='bbox 304 905 349 987; x_wconf 71' lang='lat' dir='ltr'>Si</span> <span class='ocrx_word' id='word_1_16' title='bbox 373 904 511 998; x_wconf 84' lang='lat' dir='ltr'>conjux</span> <span class='ocrx_word' id='word_1_17' title='bbox 536 899 685 978; x_wconf 86' lang='lat' dir='ltr'>infidelis</span> <span class='ocrx_word' id='word_1_18' title='bbox 709 901 851 980; x_wconf 87' lang='lat' dir='ltr'>taudem</span> <span class='ocrx_word' id='word_1_19' title='bbox 881 910 1140 999; x_wconf 65' lang='lat' dir='ltr'>convertatur}</span> <span class='ocrx_word' id='word_1_20' title='bbox 1165 900 1357 1003; x_wconf 79' lang='lat' dir='ltr'>postquam</span> 
     </span>
     <span class='ocr_line' id='line_1_5' title="bbox 361 1002 1358 1092; baseline 0.004 -10"><span class='ocrx_word' id='word_1_21' title='bbox 361 1004 473 1083; x_wconf 83' lang='lat' dir='ltr'>fidelis</span> <span class='ocrx_word' id='word_1_22' title='bbox 494 1002 586 1078; x_wconf 90' lang='lat' dir='ltr'>aliud</span> <span class='ocrx_word' id='word_1_23' title='bbox 609 1004 877 1080; x_wconf 83' lang='lat' dir='ltr'>matrimonium</span> <span class='ocrx_word' id='word_1_24' title='bbox 899 1006 1106 1092; x_wconf 69' lang='lat' dir='ltr'>contraxit,</span> <span class='ocrx_word' id='word_1_25' title='bbox 1128 1002 1180 1080; x_wconf 89' lang='lat' dir='ltr'>ilii</span> <span class='ocrx_word' id='word_1_26' title='bbox 1203 1005 1358 1086; x_wconf 85' lang='lat' dir='ltr'>concedi</span> 
     </span>
     <span class='ocr_line' id='line_1_6' title="bbox 359 1101 1466 1204; baseline -0.01 -21"><span class='ocrx_word' id='word_1_27' title='bbox 359 1105 476 1204; x_wconf 88' lang='lat' dir='ltr'>potest</span> <span class='ocrx_word' id='word_1_28' title='bbox 495 1157 506 1189; x_wconf 84' lang='lat'>‚</span> <span class='ocrx_word' id='word_1_29' title='bbox 525 1118 566 1179; x_wconf 93' lang='lat' dir='ltr'>ut</span> <span class='ocrx_word' id='word_1_30' title='bbox 587 1101 685 1178; x_wconf 89' lang='lat' dir='ltr'>alteri</span> <span class='ocrx_word' id='word_1_31' title='bbox 709 1107 831 1180; x_wconf 81' lang='lat' dir='ltr'>nubat·</span> <span class='ocrx_word' id='word_1_32' title='bbox 1464 1127 1466 1131; x_wconf 47' lang='lat'><strong><em>⁴</em></strong></span> 
     </span>
    </p>
   </div>
   <div class='ocr_carea' id='block_1_4' title="bbox 307 1257 1417 2250">
    <p class='ocr_par' dir='ltr' id='par_1_4' title="bbox 356 1257 1359 1348">
     <span class='ocr_line' id='line_1_7' title="bbox 356 1257 1359 1348; baseline -0.007 -9"><span class='ocrx_word' id='word_1_33' title='bbox 356 1278 392 1340; x_wconf 88' lang='lat' dir='ltr'>ta</span> <span class='ocrx_word' id='word_1_34' title='bbox 422 1261 531 1337; x_wconf 92' lang='lat' dir='ltr'>docet</span> <span class='ocrx_word' id='word_1_35' title='bbox 557 1265 587 1334; x_wconf 83' lang='lat' dir='ltr'>S.</span> <span class='ocrx_word' id='word_1_36' title='bbox 610 1257 779 1339; x_wconf 76' lang='lat' dir='ltr'>Thomas,</span> <span class='ocrx_word' id='word_1_37' title='bbox 801 1259 888 1337; x_wconf 88' lang='lat' dir='ltr'>ioco</span> <span class='ocrx_word' id='word_1_38' title='bbox 912 1282 1004 1337; x_wconf 90' lang='lat' dir='ltr'>mox</span> <span class='ocrx_word' id='word_1_39' title='bbox 1033 1258 1216 1348; x_wconf 86' lang='lat' dir='ltr'>indicato,</span> <span class='ocrx_word' id='word_1_40' title='bbox 1243 1264 1280 1338; x_wconf 90' lang='lat' dir='ltr'>in</span> <span class='ocrx_word' id='word_1_41' title='bbox 1302 1285 1359 1340; x_wconf 89' lang='lat' dir='ltr'>re.</span> 
     </span>
    </p>

    <p class='ocr_par' dir='ltr' id='par_1_5' title="bbox 307 1356 1417 2250">
     <span class='ocr_line' id='line_1_8' title="bbox 370 1356 1359 1461; baseline 0.001 -23"><span class='ocrx_word' id='word_1_42' title='bbox 370 1361 559 1461; x_wconf 83' lang='lat' dir='ltr'>spontione</span> <span class='ocrx_word' id='word_1_43' title='bbox 580 1359 624 1434; x_wconf 90' lang='lat' dir='ltr'>ad</span> <span class='ocrx_word' id='word_1_44' title='bbox 642 1363 810 1436; x_wconf 81' lang='lat' dir='ltr'>tertium:</span> <span class='ocrx_word' id='word_1_45' title='bbox 829 1415 850 1451; x_wconf 85' lang='lat'>„</span> <span class='ocrx_word' id='word_1_46' title='bbox 862 1411 884 1451; x_wconf 86' lang='lat'>,‚</span> <span class='ocrx_word' id='word_1_47' title='bbox 903 1359 1093 1458; x_wconf 85' lang='lat' dir='ltr'>Postquam</span> <span class='ocrx_word' id='word_1_48' title='bbox 1126 1359 1146 1450; x_wconf 87' lang='lat'>(</span> <span class='ocrx_word' id='word_1_49' title='bbox 1154 1356 1291 1453; x_wconf 68' lang='lat' dir='ltr'>inquit)</span> <span class='ocrx_word' id='word_1_50' title='bbox 1314 1362 1359 1439; x_wconf 51' lang='lat' dir='ltr'>fia</span> 
     </span>
     <span class='ocr_line' id='line_1_9' title="bbox 308 1456 1355 1545; baseline 0.002 -5"><span class='ocrx_word' id='word_1_51' title='bbox 308 1464 394 1540; x_wconf 85' lang='lat' dir='ltr'>delis</span> <span class='ocrx_word' id='word_1_52' title='bbox 416 1462 618 1545; x_wconf 81' lang='lat' dir='ltr'>contraxit.</span> <span class='ocrx_word' id='word_1_53' title='bbox 632 1458 787 1537; x_wconf 83' lang='lat' dir='ltr'>solutum</span> <span class='ocrx_word' id='word_1_54' title='bbox 812 1456 1053 1538; x_wconf 86' lang='lat' dir='ltr'>estvincuium</span> <span class='ocrx_word' id='word_1_55' title='bbox 1073 1465 1289 1538; x_wconf 84' lang='lat' dir='ltr'>matrimonii</span> <span class='ocrx_word' id='word_1_56' title='bbox 1307 1487 1355 1542; x_wconf 80' lang='lat' dir='ltr'>ex</span> 
     </span>
     <span class='ocr_line' id='line_1_10' title="bbox 309 1561 1357 1657; baseline 0 -15"><span class='ocrx_word' id='word_1_57' title='bbox 309 1582 462 1656; x_wconf 88' lang='lat' dir='ltr'>utraque</span> <span class='ocrx_word' id='word_1_58' title='bbox 491 1577 621 1652; x_wconf 80' lang='lat' dir='ltr'>parte,</span> <span class='ocrx_word' id='word_1_59' title='bbox 647 1563 729 1657; x_wconf 91' lang='lat' dir='ltr'>quia</span> <span class='ocrx_word' id='word_1_60' title='bbox 760 1562 1030 1639; x_wconf 84' lang='lat' dir='ltr'>matrimonium</span> <span class='ocrx_word' id='word_1_61' title='bbox 1065 1584 1141 1637; x_wconf 89' lang='lat' dir='ltr'>non</span> <span class='ocrx_word' id='word_1_62' title='bbox 1180 1561 1357 1642; x_wconf 79' lang='lat' dir='ltr'>claudicat</span> 
     </span>
     <span class='ocr_line' id='line_1_11' title="bbox 309 1658 1358 1758; baseline -0.001 -19"><span class='ocrx_word' id='word_1_63' title='bbox 309 1678 487 1758; x_wconf 80' lang='lat' dir='ltr'>quantum</span> <span class='ocrx_word' id='word_1_64' title='bbox 507 1658 551 1734; x_wconf 91' lang='lat' dir='ltr'>ad</span> <span class='ocrx_word' id='word_1_65' title='bbox 569 1659 767 1742; x_wconf 77' lang='lat' dir='ltr'>vinculum.</span> <span class='ocrx_word' id='word_1_66' title='bbox 797 1659 902 1737; x_wconf 87' lang='lat' dir='ltr'>Unde</span> <span class='ocrx_word' id='word_1_67' title='bbox 926 1663 963 1735; x_wconf 90' lang='lat' dir='ltr'>in</span> <span class='ocrx_word' id='word_1_68' title='bbox 992 1682 1139 1753; x_wconf 87' lang='lat' dir='ltr'>poenam</span> <span class='ocrx_word' id='word_1_69' title='bbox 1160 1666 1284 1738; x_wconf 77' lang='lat' dir='ltr'>uxoria</span> <span class='ocrx_word' id='word_1_70' title='bbox 1300 1667 1358 1738; x_wconf 87' lang='lat' dir='ltr'>in·</span> 
     </span>
     <span class='ocr_line' id='line_1_12' title="bbox 307 1757 1360 1858; baseline -0.003 -18"><span class='ocrx_word' id='word_1_71' title='bbox 307 1762 420 1840; x_wconf 79' lang='lat' dir='ltr'>fidelis</span> <span class='ocrx_word' id='word_1_72' title='bbox 440 1766 473 1835; x_wconf 88' lang='lat' dir='ltr'>ei</span> <span class='ocrx_word' id='word_1_73' title='bbox 490 1759 679 1852; x_wconf 88' lang='lat' dir='ltr'>indicitur;</span> <span class='ocrx_word' id='word_1_74' title='bbox 702 1758 803 1856; x_wconf 89' lang='lat' dir='ltr'>quod</span> <span class='ocrx_word' id='word_1_75' title='bbox 821 1784 897 1835; x_wconf 91' lang='lat' dir='ltr'>non</span> <span class='ocrx_word' id='word_1_76' title='bbox 923 1757 1029 1858; x_wconf 80' lang='lat' dir='ltr'>poure</span> <span class='ocrx_word' id='word_1_77' title='bbox 1059 1782 1145 1837; x_wconf 87' lang='lat' dir='ltr'>cum</span> <span class='ocrx_word' id='word_1_78' title='bbox 1170 1761 1242 1839; x_wconf 89' lang='lat' dir='ltr'>aiio</span> <span class='ocrx_word' id='word_1_79' title='bbox 1265 1785 1360 1838; x_wconf 86' lang='lat' dir='ltr'>con·</span> 
     </span>
     <span class='ocr_line' id='line_1_13' title="bbox 307 1861 1358 1959; baseline -0.003 -20"><span class='ocrx_word' id='word_1_80' title='bbox 307 1861 471 1940; x_wconf 75' lang='lat' dir='ltr'>trahere,</span> <span class='ocrx_word' id='word_1_81' title='bbox 492 1861 604 1955; x_wconf 84' lang='lat' dir='ltr'>magis</span> <span class='ocrx_word' id='word_1_82' title='bbox 627 1880 736 1955; x_wconf 91' lang='lat' dir='ltr'>quam</span> <span class='ocrx_word' id='word_1_83' title='bbox 763 1878 808 1934; x_wconf 86' lang='lat' dir='ltr'>err</span> <span class='ocrx_word' id='word_1_84' title='bbox 833 1861 962 1936; x_wconf 83' lang='lat' dir='ltr'>virtute</span> <span class='ocrx_word' id='word_1_85' title='bbox 989 1862 1201 1937; x_wconf 84' lang='lat' dir='ltr'>matrimonii</span> <span class='ocrx_word' id='word_1_86' title='bbox 1224 1883 1358 1959; x_wconf 84' lang='lat' dir='ltr'>praece·</span> 
     </span>
     <span class='ocr_line' id='line_1_14' title="bbox 311 1955 1357 2059; baseline 0.001 -21"><span class='ocrx_word' id='word_1_87' title='bbox 311 1962 452 2038; x_wconf 87' lang='lat' dir='ltr'>dentis:</span> <span class='ocrx_word' id='word_1_88' title='bbox 476 1955 531 2032; x_wconf 85' lang='lat' dir='ltr'>sed</span> <span class='ocrx_word' id='word_1_89' title='bbox 552 1959 576 2033; x_wconf 88' lang='lat' dir='ltr'>ii</span> <span class='ocrx_word' id='word_1_90' title='bbox 598 1959 718 2056; x_wconf 86' lang='lat' dir='ltr'>postea</span> <span class='ocrx_word' id='word_1_91' title='bbox 737 1974 992 2045; x_wconf 82' lang='lat' dir='ltr'>convertatur,</span> <span class='ocrx_word' id='word_1_92' title='bbox 1016 1959 1134 2059; x_wconf 87' lang='lat' dir='ltr'>potest</span> <span class='ocrx_word' id='word_1_93' title='bbox 1151 1962 1183 2034; x_wconf 88' lang='lat' dir='ltr'>ei</span> <span class='ocrx_word' id='word_1_94' title='bbox 1204 1958 1357 2039; x_wconf 84' lang='lat' dir='ltr'>concedi</span> 
     </span>
     <span class='ocr_line' id='line_1_15' title="bbox 311 2055 1417 2157; baseline 0.002 -21"><span class='ocrx_word' id='word_1_95' title='bbox 311 2057 554 2157; x_wconf 82' lang='lat' dir='ltr'>dispensative.</span> <span class='ocrx_word' id='word_1_96' title='bbox 572 2075 613 2135; x_wconf 92' lang='lat' dir='ltr'>ut</span> <span class='ocrx_word' id='word_1_97' title='bbox 636 2057 737 2137; x_wconf 85' lang='lat' dir='ltr'>alteri</span> <span class='ocrx_word' id='word_1_98' title='bbox 753 2058 886 2148; x_wconf 80' lang='lat' dir='ltr'>nubat,</span> <span class='ocrx_word' id='word_1_99' title='bbox 912 2055 937 2134; x_wconf 87' lang='lat' dir='ltr'>ti</span> <span class='ocrx_word' id='word_1_100' title='bbox 960 2061 1015 2137; x_wconf 80' lang='lat' dir='ltr'>vir</span> <span class='ocrx_word' id='word_1_101' title='bbox 1039 2061 1114 2156; x_wconf 81' lang='lat' dir='ltr'>ejus</span> <span class='ocrx_word' id='word_1_102' title='bbox 1137 2059 1239 2138; x_wconf 86' lang='lat' dir='ltr'>aliam</span> <span class='ocrx_word' id='word_1_103' title='bbox 1262 2082 1358 2141; x_wconf 85' lang='lat' dir='ltr'>uxo·</span> <span class='ocrx_word' id='word_1_104' title='bbox 1414 2120 1417 2127; x_wconf 86' lang='lat'>.</span> 
     </span>
     <span class='ocr_line' id='line_1_16' title="bbox 308 2158 1339 2250; baseline 0.001 -12"><span class='ocrx_word' id='word_1_105' title='bbox 308 2183 387 2239; x_wconf 88' lang='lat' dir='ltr'>rem</span> <span class='ocrx_word' id='word_1_106' title='bbox 408 2158 511 2237; x_wconf 84' lang='lat' dir='ltr'>duxit</span> <span class='ocrx_word' id='word_1_107' title='bbox 535 2213 557 2250; x_wconf 82' lang='lat'><strong>„</strong></span> <span class='ocrx_word' id='word_1_108' title='bbox 572 2190 608 2250; x_wconf 58' lang='grc' dir='ltr'>,μ</span> <span class='ocrx_word' id='word_1_109' title='bbox 1335 2206 1339 2213; x_wconf 78' lang='lat'><em>,</em></span> 
     </span>
    </p>
   </div>
   <div class='ocr_carea' id='block_1_5' title="bbox 588 2302 1077 2395">
    <p class='ocr_par' dir='ltr' id='par_1_6' title="bbox 588 2249 1077 2395">
     <span class='ocr_line' id='line_1_17' title="bbox 588 2302 1077 2395; baseline -0.012 -5"><span class='ocrx_word' id='word_1_110' title='bbox 588 2302 911 2394; x_wconf 79' lang='lat' dir='ltr'>uuoutr</span> <span class='ocrx_word' id='word_1_111' title='bbox 959 2309 1077 2395; x_wconf 60' lang='lat' dir='ltr'>rrrr⁶</span> 
     </span>
    </p>
   </div>
   <div class='ocr_carea' id='block_1_6' title="bbox 307 2457 1359 2670">
    <p class='ocr_par' dir='ltr' id='par_1_7' title="bbox 307 2457 1359 2670">
     <span class='ocr_line' id='line_1_18' title="bbox 307 2457 1359 2579; baseline -0.006 -26"><span class='ocrx_word' id='word_1_112' title='bbox 307 2457 520 2570; x_wconf 76' lang='lat' dir='ltr'>Coniugum</span> <span class='ocrx_word' id='word_1_113' title='bbox 552 2470 664 2550; x_wconf 86' lang='lat' dir='ltr'>altero</span> <span class='ocrx_word' id='word_1_114' title='bbox 691 2473 956 2579; x_wconf 76' lang='lat' dir='ltr'>ininfideiitate</span> <span class='ocrx_word' id='word_1_115' title='bbox 981 2474 1178 2571; x_wconf 73' lang='lat' dir='ltr'>pertinaci,</span> <span class='ocrx_word' id='word_1_116' title='bbox 1196 2468 1259 2553; x_wconf 82' lang='lat' dir='ltr'>filii</span> <span class='ocrx_word' id='word_1_117' title='bbox 1290 2475 1359 2554; x_wconf 61' lang='lat' dir='ltr'>mii</span> 
     </span>
     <span class='ocr_line' id='line_1_19' title="bbox 456 2571 1204 2670; baseline 0.001 -24"><span class='ocrx_word' id='word_1_118' title='bbox 456 2594 634 2648; x_wconf 80' lang='lat' dir='ltr'>noreoner</span> <span class='ocrx_word' id='word_1_119' title='bbox 659 2578 808 2670; x_wconf 70' lang='lat' dir='ltr'>conjugi</span> <span class='ocrx_word' id='word_1_120' title='bbox 834 2571 929 2651; x_wconf 86' lang='lat' dir='ltr'>fideii</span> <span class='ocrx_word' id='word_1_121' title='bbox 957 2573 1031 2651; x_wconf 88' lang='lat' dir='ltr'>dari</span> <span class='ocrx_word' id='word_1_122' title='bbox 1059 2573 1204 2652; x_wconf 83' lang='lat' dir='ltr'>debent.</span> 
     </span>
    </p>
   </div>
   <div class='ocr_carea' id='block_1_7' title="bbox 302 2727 1363 4512">
    <p class='ocr_par' dir='ltr' id='par_1_8' title="bbox 302 2727 1363 4512">
     <span class='ocr_line' id='line_1_20' title="bbox 306 2727 1358 2893; baseline -0.001 -88"><span class='ocrx_word' id='word_1_123' title='bbox 306 2731 510 2893; x_wconf 86' lang='lat' dir='ltr'>Nititur</span> <span class='ocrx_word' id='word_1_124' title='bbox 531 2728 609 2805; x_wconf 89' lang='lat' dir='ltr'>haec</span> <span class='ocrx_word' id='word_1_125' title='bbox 626 2727 680 2806; x_wconf 88' lang='lat' dir='ltr'>Re</span> <span class='ocrx_word' id='word_1_126' title='bbox 709 2730 765 2808; x_wconf 92' lang='lat' dir='ltr'>uia</span> <span class='ocrx_word' id='word_1_127' title='bbox 786 2755 865 2808; x_wconf 83' lang='lat' dir='ltr'>can.</span> <span class='ocrx_word' id='word_1_128' title='bbox 891 2732 1013 2823; x_wconf 72' lang='lat' dir='ltr'>Juraer</span> <span class='ocrx_word' id='word_1_129' title='bbox 1024 2780 1036 2817; x_wconf 91' lang='lat'>‚</span> <span class='ocrx_word' id='word_1_130' title='bbox 1057 2733 1093 2809; x_wconf 88' lang='lat'>&amp;</span> <span class='ocrx_word' id='word_1_131' title='bbox 1116 2755 1194 2812; x_wconf 82' lang='lat' dir='ltr'>can.</span> <span class='ocrx_word' id='word_1_132' title='bbox 1218 2727 1358 2824; x_wconf 68' lang='lat' dir='ltr'>:turai-</span> 
     </span>
     <span class='ocr_line' id='line_1_21' title="bbox 428 2752 1360 2932; baseline 0.004 -25"><span class='ocrx_word' id='word_1_133' title='bbox 428 2854 500 2899; x_wconf 65' lang='grc' dir='ltr'>νην»</span> <span class='ocrx_word' id='word_1_134' title='bbox 515 2878 525 2907; x_wconf 76' lang='grc'><em>,</em></span> <span class='ocrx_word' id='word_1_135' title='bbox 543 2752 714 2909; x_wconf 58' lang='lat' dir='ltr'>caesui.</span> <span class='ocrx_word' id='word_1_136' title='bbox 742 2855 803 2927; x_wconf 83' lang='lat' dir='ltr'>qu·</span> <span class='ocrx_word' id='word_1_137' title='bbox 821 2854 853 2912; x_wconf 81' lang='grc' dir='ltr'>ι.</span> <span class='ocrx_word' id='word_1_138' title='bbox 882 2837 944 2932; x_wconf 89' lang='lat' dir='ltr'>qui</span> <span class='ocrx_word' id='word_1_139' title='bbox 967 2834 1047 2911; x_wconf 83' lang='lat' dir='ltr'>sunt</span> <span class='ocrx_word' id='word_1_140' title='bbox 1065 2831 1219 2911; x_wconf 86' lang='lat' dir='ltr'>Conciiii</span> <span class='ocrx_word' id='word_1_141' title='bbox 1244 2829 1360 2911; x_wconf 80' lang='lat' dir='ltr'>Toie-</span> 
     </span>
     <span class='ocr_line' id='line_1_22' title="bbox 308 2929 1358 3031; baseline 0.004 -25"><span class='ocrx_word' id='word_1_142' title='bbox 308 2932 383 3006; x_wconf 89' lang='lat' dir='ltr'>tani</span> <span class='ocrx_word' id='word_1_143' title='bbox 396 2935 511 3027; x_wconf 89' lang='lat' dir='ltr'>quarti</span> <span class='ocrx_word' id='word_1_144' title='bbox 531 2929 762 3027; x_wconf 78' lang='lat' dir='ltr'>sexagesimus</span> <span class='ocrx_word' id='word_1_145' title='bbox 776 2932 971 3011; x_wconf 82' lang='lat' dir='ltr'>i&#39;ecundua.</span> <span class='ocrx_word' id='word_1_146' title='bbox 995 2931 1358 3031; x_wconf 80' lang='lat' dir='ltr'>&amp;quinquagefimue</span> 
     </span>
     <span class='ocr_line' id='line_1_23' title="bbox 306 3031 1359 3125; baseline 0.004 -20"><span class='ocrx_word' id='word_1_147' title='bbox 306 3053 427 3105; x_wconf 86' lang='lat' dir='ltr'>nonus</span> <span class='ocrx_word' id='word_1_148' title='bbox 439 3052 449 3109; x_wconf 83' lang='lat'>;</span> <span class='ocrx_word' id='word_1_149' title='bbox 463 3033 498 3103; x_wconf 82' lang='lat' dir='ltr'>dr</span> <span class='ocrx_word' id='word_1_150' title='bbox 513 3031 668 3122; x_wconf 81' lang='lat' dir='ltr'>Gregorii</span> <span class='ocrx_word' id='word_1_151' title='bbox 679 3031 747 3099; x_wconf 76' lang='lat' dir='ltr'>IX.</span> <span class='ocrx_word' id='word_1_152' title='bbox 759 3031 925 3125; x_wconf 83' lang='lat' dir='ltr'>responso</span> <span class='ocrx_word' id='word_1_153' title='bbox 938 3082 949 3116; x_wconf 82' lang='lat'><strong>,</strong></span> <span class='ocrx_word' id='word_1_154' title='bbox 961 3056 999 3108; x_wconf 86' lang='lat' dir='ltr'>ca</span> <span class='ocrx_word' id='word_1_155' title='bbox 1028 3082 1038 3102; x_wconf 85' lang='lat'><strong>.</strong></span> <span class='ocrx_word' id='word_1_156' title='bbox 1057 3035 1111 3103; x_wconf 78' lang='lat' dir='ltr'>Ex</span> <span class='ocrx_word' id='word_1_157' title='bbox 1123 3035 1254 3115; x_wconf 69' lang='lat' dir='ltr'>inerit,</span> <span class='ocrx_word' id='word_1_158' title='bbox 1271 3031 1359 3111; x_wconf 80' lang='lat' dir='ltr'>Ext.</span> 
     </span>
     <span class='ocr_line' id='line_1_24' title="bbox 304 3056 1359 3228; baseline 0.004 -32"><span class='ocrx_word' id='word_1_159' title='bbox 304 3134 364 3202; x_wconf 85' lang='lat' dir='ltr'>De</span> <span class='ocrx_word' id='word_1_160' title='bbox 398 3126 612 3214; x_wconf 73' lang='lat' dir='ltr'>Converfiorre</span> <span class='ocrx_word' id='word_1_161' title='bbox 642 3126 858 3217; x_wconf 73' lang='lat' dir='ltr'>infidelium,</span> <span class='ocrx_word' id='word_1_162' title='bbox 890 3157 965 3228; x_wconf 89' lang='lat' dir='ltr'>quo</span> <span class='ocrx_word' id='word_1_163' title='bbox 993 3056 1121 3228; x_wconf 58' lang='lat' dir='ltr'>fudaeo</span> <span class='ocrx_word' id='word_1_164' title='bbox 1150 3132 1291 3209; x_wconf 88' lang='lat' dir='ltr'>cuidam</span> <span class='ocrx_word' id='word_1_165' title='bbox 1311 3131 1359 3207; x_wconf 87' lang='lat' dir='ltr'>ad</span> 
     </span>
     <span class='ocr_line' id='line_1_25' title="bbox 306 3228 1360 3327; baseline -0.001 -21"><span class='ocrx_word' id='word_1_166' title='bbox 306 3228 430 3306; x_wconf 84' lang='lat' dir='ltr'>Fidem</span> <span class='ocrx_word' id='word_1_167' title='bbox 457 3231 676 3306; x_wconf 81' lang='lat' dir='ltr'>christianam</span> <span class='ocrx_word' id='word_1_168' title='bbox 708 3232 882 3306; x_wconf 84' lang='lat' dir='ltr'>converso</span> <span class='ocrx_word' id='word_1_169' title='bbox 909 3231 1021 3309; x_wconf 80' lang='lat' dir='ltr'>fliium</span> <span class='ocrx_word' id='word_1_170' title='bbox 1035 3231 1286 3327; x_wconf 87' lang='lat' dir='ltr'>quadriennem</span> <span class='ocrx_word' id='word_1_171' title='bbox 1308 3231 1360 3305; x_wconf 83' lang='lat' dir='ltr'>ai·</span> 
     </span>
     <span class='ocr_line' id='line_1_26' title="bbox 305 3328 1361 3426; baseline 0.003 -23"><span class='ocrx_word' id='word_1_172' title='bbox 305 3328 437 3425; x_wconf 78' lang='lat' dir='ltr'>signari</span> <span class='ocrx_word' id='word_1_173' title='bbox 462 3331 591 3425; x_wconf 82' lang='lat' dir='ltr'>jubet,</span> <span class='ocrx_word' id='word_1_174' title='bbox 618 3334 780 3426; x_wconf 81' lang='lat' dir='ltr'>quamvis</span> <span class='ocrx_word' id='word_1_175' title='bbox 809 3345 919 3409; x_wconf 87' lang='lat' dir='ltr'>mater</span> <span class='ocrx_word' id='word_1_176' title='bbox 959 3335 995 3407; x_wconf 92' lang='lat' dir='ltr'>in</span> <span class='ocrx_word' id='word_1_177' title='bbox 1023 3331 1160 3424; x_wconf 87' lang='lat' dir='ltr'>judaica</span> <span class='ocrx_word' id='word_1_178' title='bbox 1197 3329 1361 3426; x_wconf 82' lang='lat' dir='ltr'>superui·</span> 
     </span>
     <span class='ocr_line' id='line_1_27' title="bbox 305 3430 1360 3522; baseline 0.002 -17"><span class='ocrx_word' id='word_1_179' title='bbox 305 3433 409 3505; x_wconf 83' lang='lat' dir='ltr'>tione</span> <span class='ocrx_word' id='word_1_180' title='bbox 429 3436 590 3522; x_wconf 81' lang='lat' dir='ltr'>pertinax</span> <span class='ocrx_word' id='word_1_181' title='bbox 603 3430 831 3506; x_wconf 86' lang='lat' dir='ltr'>vehementer</span> <span class='ocrx_word' id='word_1_182' title='bbox 847 3432 1105 3507; x_wconf 85' lang='lat' dir='ltr'>contradiceret</span> <span class='ocrx_word' id='word_1_183' title='bbox 1117 3432 1166 3505; x_wconf 89' lang='lat' dir='ltr'>ob</span> <span class='ocrx_word' id='word_1_184' title='bbox 1181 3453 1257 3505; x_wconf 85' lang='lat' dir='ltr'>eam</span> <span class='ocrx_word' id='word_1_185' title='bbox 1275 3453 1360 3507; x_wconf 79' lang='lat' dir='ltr'>cau·</span> 
     </span>
     <span class='ocr_line' id='line_1_28' title="bbox 304 3528 1358 3629; baseline 0.001 -25"><span class='ocrx_word' id='word_1_186' title='bbox 304 3528 401 3609; x_wconf 83' lang='lat' dir='ltr'>sam,</span> <span class='ocrx_word' id='word_1_187' title='bbox 417 3531 516 3622; x_wconf 83' lang='lat' dir='ltr'>quod</span> <span class='ocrx_word' id='word_1_188' title='bbox 541 3530 653 3604; x_wconf 84' lang='lat' dir='ltr'>infans</span> <span class='ocrx_word' id='word_1_189' title='bbox 681 3547 845 3607; x_wconf 85' lang='lat' dir='ltr'>materno</span> <span class='ocrx_word' id='word_1_190' title='bbox 873 3534 985 3629; x_wconf 81' lang='lat' dir='ltr'>magis</span> <span class='ocrx_word' id='word_1_191' title='bbox 1008 3529 1183 3625; x_wconf 82' lang='lat' dir='ltr'>indigeret</span> <span class='ocrx_word' id='word_1_192' title='bbox 1208 3528 1358 3615; x_wconf 69' lang='lat' dir='ltr'>solutio.</span> 
     </span>
     <span class='ocr_line' id='line_1_29' title="bbox 305 3627 1357 3728; baseline 0.002 -26"><span class='ocrx_word' id='word_1_193' title='bbox 305 3650 417 3725; x_wconf 89' lang='lat' dir='ltr'>quam</span> <span class='ocrx_word' id='word_1_194' title='bbox 455 3649 614 3724; x_wconf 86' lang='lat' dir='ltr'>paterno.</span> <span class='ocrx_word' id='word_1_195' title='bbox 647 3685 668 3720; x_wconf 87' lang='lat'>‚,</span> <span class='ocrx_word' id='word_1_196' title='bbox 685 3685 707 3721; x_wconf 89' lang='lat'>„</span> <span class='ocrx_word' id='word_1_197' title='bbox 744 3629 838 3706; x_wconf 87' lang='lat' dir='ltr'>Cum</span> <span class='ocrx_word' id='word_1_198' title='bbox 867 3627 1034 3728; x_wconf 80' lang='lat' dir='ltr'>(inquit)</span> <span class='ocrx_word' id='word_1_199' title='bbox 1060 3630 1150 3706; x_wconf 87' lang='lat' dir='ltr'>fiiius</span> <span class='ocrx_word' id='word_1_200' title='bbox 1179 3631 1215 3704; x_wconf 93' lang='lat' dir='ltr'>in</span> <span class='ocrx_word' id='word_1_201' title='bbox 1251 3631 1357 3725; x_wconf 85' lang='lat' dir='ltr'>patria</span> 
     </span>
     <span class='ocr_line' id='line_1_30' title="bbox 304 3728 1358 3829; baseline 0.005 -28"><span class='ocrx_word' id='word_1_202' title='bbox 304 3728 484 3824; x_wconf 77' lang='lat' dir='ltr'>potestate</span> <span class='ocrx_word' id='word_1_203' title='bbox 504 3728 689 3813; x_wconf 55' lang='lat' dir='ltr'>coniistatr</span> <span class='ocrx_word' id='word_1_204' title='bbox 709 3733 809 3823; x_wconf 87' lang='lat' dir='ltr'>cujus</span> <span class='ocrx_word' id='word_1_205' title='bbox 829 3730 996 3829; x_wconf 79' lang='lat' dir='ltr'>familiam</span> <span class='ocrx_word' id='word_1_206' title='bbox 1020 3730 1197 3826; x_wconf 83' lang='lat' dir='ltr'>sequitur.</span> <span class='ocrx_word' id='word_1_207' title='bbox 1220 3730 1257 3803; x_wconf 73' lang='grc' dir='ltr'>δι</span> <span class='ocrx_word' id='word_1_208' title='bbox 1281 3749 1358 3806; x_wconf 90' lang='lat' dir='ltr'>non</span> 
     </span>
     <span class='ocr_line' id='line_1_31' title="bbox 305 3818 1356 3928; baseline 0.002 -25"><span class='ocrx_word' id='word_1_209' title='bbox 305 3847 452 3917; x_wconf 59' lang='lat' dir='ltr'>matrim</span> <span class='ocrx_word' id='word_1_210' title='bbox 480 3830 514 3902; x_wconf 70' lang='grc' dir='ltr'>ἃ</span> <span class='ocrx_word' id='word_1_211' title='bbox 541 3830 576 3900; x_wconf 90' lang='lat' dir='ltr'>in</span> <span class='ocrx_word' id='word_1_212' title='bbox 600 3843 700 3904; x_wconf 85' lang='lat' dir='ltr'>aetate</span> <span class='ocrx_word' id='word_1_213' title='bbox 727 3829 786 3906; x_wconf 91' lang='lat' dir='ltr'>taii</span> <span class='ocrx_word' id='word_1_214' title='bbox 817 3833 896 3928; x_wconf 83' lang='lat' dir='ltr'>quir</span> <span class='ocrx_word' id='word_1_215' title='bbox 915 3854 991 3907; x_wconf 91' lang='lat' dir='ltr'>non</span> <span class='ocrx_word' id='word_1_216' title='bbox 1024 3830 1151 3905; x_wconf 89' lang='lat' dir='ltr'>debeat</span> <span class='ocrx_word' id='word_1_217' title='bbox 1179 3827 1274 3922; x_wconf 89' lang='lat' dir='ltr'>apud</span> <span class='ocrx_word' id='word_1_218' title='bbox 1298 3818 1356 3905; x_wconf 75' lang='lat' dir='ltr'>e‘ac</span> 
     </span>
     <span class='ocr_line' id='line_1_32' title="bbox 303 3926 1358 4025; baseline 0.002 -23"><span class='ocrx_word' id='word_1_219' title='bbox 303 3946 491 4002; x_wconf 83' lang='lat' dir='ltr'>remanere</span> <span class='ocrx_word' id='word_1_220' title='bbox 518 3927 706 4021; x_wconf 74' lang='lat' dir='ltr'>personat,</span> <span class='ocrx_word' id='word_1_221' title='bbox 728 3928 773 4004; x_wconf 93' lang='lat' dir='ltr'>de</span> <span class='ocrx_word' id='word_1_222' title='bbox 796 3932 923 4025; x_wconf 87' lang='lat' dir='ltr'>quibus</span> <span class='ocrx_word' id='word_1_223' title='bbox 953 3927 1058 4025; x_wconf 80' lang='lat' dir='ltr'>possit</span> <span class='ocrx_word' id='word_1_224' title='bbox 1091 3926 1159 4004; x_wconf 84' lang='lat' dir='ltr'>effe</span> <span class='ocrx_word' id='word_1_225' title='bbox 1185 3927 1358 4022; x_wconf 86' lang='lat' dir='ltr'>suspicio,</span> 
     </span>
     <span class='ocr_line' id='line_1_33' title="bbox 308 4027 1363 4124; baseline 0.006 -23"><span class='ocrx_word' id='word_1_226' title='bbox 308 4030 415 4124; x_wconf 86' lang='lat' dir='ltr'>qnod</span> <span class='ocrx_word' id='word_1_227' title='bbox 441 4027 539 4102; x_wconf 83' lang='lat' dir='ltr'>saluti</span> <span class='ocrx_word' id='word_1_228' title='bbox 555 4064 567 4110; x_wconf 66' lang='lat'><em>5</em></span> <span class='ocrx_word' id='word_1_229' title='bbox 584 4028 732 4104; x_wconf 85' lang='lat' dir='ltr'>velvirae</span> <span class='ocrx_word' id='word_1_230' title='bbox 751 4029 957 4107; x_wconf 87' lang='lat' dir='ltr'>iniidientur</span> <span class='ocrx_word' id='word_1_231' title='bbox 979 4028 1068 4105; x_wconf 85' lang='lat' dir='ltr'>iilius</span> <span class='ocrx_word' id='word_1_232' title='bbox 1082 4083 1092 4113; x_wconf 86' lang='lat'>,</span> <span class='ocrx_word' id='word_1_233' title='bbox 1105 4029 1142 4103; x_wconf 84' lang='lat' dir='ltr'>dr</span> <span class='ocrx_word' id='word_1_234' title='bbox 1158 4034 1255 4122; x_wconf 89' lang='lat' dir='ltr'>pueri</span> <span class='ocrx_word' id='word_1_235' title='bbox 1278 4027 1363 4123; x_wconf 73' lang='lat' dir='ltr'>post</span> 
     </span>
     <span class='ocr_line' id='line_1_34' title="bbox 304 4123 1357 4226; baseline 0.007 -26"><span class='ocrx_word' id='word_1_236' title='bbox 304 4131 501 4203; x_wconf 69' lang='lat' dir='ltr'>triennium</span> <span class='ocrx_word' id='word_1_237' title='bbox 523 4128 619 4223; x_wconf 88' lang='lat' dir='ltr'>apud</span> <span class='ocrx_word' id='word_1_238' title='bbox 647 4148 783 4224; x_wconf 86' lang='lat' dir='ltr'>patrem</span> <span class='ocrx_word' id='word_1_239' title='bbox 807 4153 881 4205; x_wconf 91' lang='lat' dir='ltr'>non</span> <span class='ocrx_word' id='word_1_240' title='bbox 902 4123 1096 4226; x_wconf 74' lang='lat' dir='ltr'>suspectum</span> <span class='ocrx_word' id='word_1_241' title='bbox 1122 4123 1165 4201; x_wconf 92' lang='lat' dir='ltr'>ali</span> <span class='ocrx_word' id='word_1_242' title='bbox 1181 4129 1357 4207; x_wconf 78' lang='lat' dir='ltr'>debeant·</span> 
     </span>
     <span class='ocr_line' id='line_1_35' title="bbox 303 4229 1359 4325; baseline 0.006 -29"><span class='ocrx_word' id='word_1_243' title='bbox 303 4230 342 4295; x_wconf 75' lang='grc' dir='ltr'>δι</span> <span class='ocrx_word' id='word_1_244' title='bbox 376 4231 530 4318; x_wconf 79' lang='lat' dir='ltr'>morari3</span> <span class='ocrx_word' id='word_1_245' title='bbox 549 4244 733 4325; x_wconf 88' lang='lat' dir='ltr'>materque</span> <span class='ocrx_word' id='word_1_246' title='bbox 756 4234 881 4324; x_wconf 88' lang='lat' dir='ltr'>pueri,</span> <span class='ocrx_word' id='word_1_247' title='bbox 906 4229 931 4305; x_wconf 91' lang='lat' dir='ltr'>ii</span> <span class='ocrx_word' id='word_1_248' title='bbox 956 4252 1038 4307; x_wconf 82' lang='lat' dir='ltr'>eum</span> <span class='ocrx_word' id='word_1_249' title='bbox 1063 4242 1244 4305; x_wconf 85' lang='lat' dir='ltr'>remanere</span> <span class='ocrx_word' id='word_1_250' title='bbox 1265 4249 1359 4302; x_wconf 75' lang='lat' dir='ltr'>con-</span> 
     </span>
     <span class='ocr_line' id='line_1_36' title="bbox 302 4325 1359 4422; baseline -0.005 -19"><span class='ocrx_word' id='word_1_251' title='bbox 302 4333 462 4419; x_wconf 84' lang='lat' dir='ltr'>tingeret</span> <span class='ocrx_word' id='word_1_252' title='bbox 480 4329 575 4421; x_wconf 88' lang='lat' dir='ltr'>apud</span> <span class='ocrx_word' id='word_1_253' title='bbox 590 4351 668 4402; x_wconf 89' lang='lat' dir='ltr'>eam</span> <span class='ocrx_word' id='word_1_254' title='bbox 684 4384 694 4414; x_wconf 90' lang='lat'>,</span> <span class='ocrx_word' id='word_1_255' title='bbox 711 4325 825 4422; x_wconf 79' lang='lat' dir='ltr'>potiet</span> <span class='ocrx_word' id='word_1_256' title='bbox 847 4329 946 4409; x_wconf 86' lang='lat' dir='ltr'>iiluur</span> <span class='ocrx_word' id='word_1_257' title='bbox 963 4327 1137 4404; x_wconf 90' lang='lat' dir='ltr'>adducere</span> <span class='ocrx_word' id='word_1_258' title='bbox 1163 4330 1206 4402; x_wconf 87' lang='lat' dir='ltr'>ad</span> <span class='ocrx_word' id='word_1_259' title='bbox 1232 4325 1359 4399; x_wconf 75' lang='lat' dir='ltr'>infide-</span> 
     </span>
     <span class='ocr_line' id='line_1_37' title="bbox 302 4425 1358 4512; baseline -0.002 -11"><span class='ocrx_word' id='word_1_260' title='bbox 302 4427 411 4501; x_wconf 87' lang='lat' dir='ltr'>irtatis</span> <span class='ocrx_word' id='word_1_261' title='bbox 430 4446 609 4512; x_wconf 87' lang='lat' dir='ltr'>errorem;</span> <span class='ocrx_word' id='word_1_262' title='bbox 631 4431 667 4499; x_wconf 89' lang='lat' dir='ltr'>in</span> <span class='ocrx_word' id='word_1_263' title='bbox 685 4428 844 4502; x_wconf 79' lang='lat' dir='ltr'>favorem</span> <span class='ocrx_word' id='word_1_264' title='bbox 868 4433 1024 4503; x_wconf 81' lang='lat' dir='ltr'>maxime</span> <span class='ocrx_word' id='word_1_265' title='bbox 1054 4425 1151 4503; x_wconf 85' lang='lat' dir='ltr'>Fidei</span> <span class='ocrx_word' id='word_1_266' title='bbox 1166 4425 1358 4500; x_wconf 72' lang='lat' dir='ltr'>christiana:</span> 
     </span>
    </p>
   </div>
   <div class='ocr_carea' id='block_1_8' title="bbox 297 4524 1353 4717">
    <p class='ocr_par' dir='ltr' id='par_1_9' title="bbox 297 4524 1353 4717">
     <span class='ocr_line' id='line_1_38' title="bbox 297 4524 1353 4717; baseline 0 -114"><span class='ocrx_word' id='word_1_267' title='bbox 297 4524 1353 4717; x_wconf 50' lang='lat' dir='ltr'>respondemus.patrieumdempuerumaffignandumg„</span> 
     </span>
    </p>
   </div>
   <div class='ocr_carea' id='block_1_9' title="bbox 0 0 1854 5425">
    <p class='ocr_par' dir='ltr' id='par_1_10' title="bbox 0 0 1854 5425">
     <span class='ocr_line' id='line_1_39' title="bbox 0 0 1854 5425; baseline 0 1"><span class='ocrx_word' id='word_1_268' title='bbox 0 0 1854 5425; x_wconf 95' lang='lat' dir='ltr'> </span> 
     </span>
    </p>
   </div>
  </div>
 </body>
</html>
