3700 5425
545 554 615 647 De
644 544 829 643 Peccalis·
856 546 901 643 in
936 563 1107 668 genere¹
1290 566 1396 669 589·

328 750 330 754 -
421 822 423 826 ¹
519 716 1158 806 Rucunrxxxix

319 875 426 967 Nulla
445 881 704 960 circumstantis
725 896 912 978 peccatum
933 903 978 959 ex
997 904 1127 977 genere
1146 880 1210 959 suo
1230 870 1365 959 veniale

368 987 412 1063 ad
428 982 583 1060 mortalis
610 987 746 1077 peccati
767 1004 880 1076 genus
900 980 1083 1058 transferre
1099 981 1236 1081 potest,
1251 980 1364 1059 frma

367 1100 449 1162 neat
478 1087 514 1159 in
541 1080 881 1159 circumstantiarum
908 1080 1046 1164 ordine.

315 1222 395 1381 Ita
420 1216 528 1293 docet
551 1221 584 1285 S.
601 1214 716 1284 Tium.
745 1234 775 1283 1.
791 1225 831 1286 αῖ
849 1236 885 1311 q.
902 1205 962 1296 88·
989 1226 1053 1289 arc
1074 1226 1110 1310 ς.
1145 1214 1241 1295 eun
1262 1216 1357 1293 enim
1377 1213 1537 1302 Quomodo

374 1316 630 1396 circumstantia
643 1312 685 1390 lrt
697 1311 863 1389 accidens
884 1312 978 1388 acius
997 1311 1162 1400 humani,
1185 1313 1298 1410 ipsum
1312 1316 1355 1391 ad
1374 1313 1528 1376 pecorum

316 1420 411 1497 aliud
438 1440 550 1511 genus
575 1412 712 1489 trahere
741 1424 816 1487 nou
844 1413 980 1508 potest,
1001 1410 1064 1489 nifi
1089 1414 1356 1493 circumstantie
1372 1392 1563 1521 ζζῃξξῖζῗξᾱ

315 1520 491 1594 rationem
511 1521 669 1601 amittat,
687 1511 893 1611 alteriusque
913 1514 1050 1607 generis
1066 1512 1172 1591 addat
1190 1517 1355 1591 del'otmi-
1376 1538 1468 1607 genre
1490 1500 1562 1610 deo-

316 1632 436 1693 tatem.
460 1615 560 1691 Sicut
586 1636 670 1689 cum
686 1611 811 1707 aliquis
839 1610 975 1689 accedit
997 1611 1042 1687 ad
1069 1636 1147 1689 noo
1177 1612 1293 1691 luam,
1310 1614 1361 1691 est
1379 1607 1436 1697 ⁰3¹³
1455 1620 1563 1672 Μ

319 1718 415 1794 adius
433 1712 834 1824 deformis-deformitate
846 1709 1009 1806 oppofiu
1023 1712 1168 1789 castitati
1179 1733 1192 1802 3
1203 1713 1260 1789 led
1271 1712 1294 1790 d
1307 1734 1364 1791 aas
1379 1681 1564 1839 ffffifff

326 1820 429 1891 cedat
448 1814 490 1890 ad
504 1837 577 1887 non
589 1816 683 1889 luam
697 1854 708 1893 s
721 1833 800 1906 quae
815 1811 862 1886 eil
873 1813 1012 1887 alterius
1023 1834 1134 1896 uxor,
1151 1812 1365 1891 additor-de-

312 1912 472 1990 formicas
492 1910 841 2009 ononida-justitiae,
867 1930 992 1986 eontra
1013 1933 1121 2011 quem
1142 1912 1215 1999 ell.
1239 1912 1280 1991 ur
1300 1913 1363 1991 ali·

314 2018 392 2108 quis
416 2014 556 2108 usurpet
584 2035 659 2087 rem
693 2011 858 2103 alterius3
886 2033 955 2108 qua
990 2013 1127 2087 ratione
1156 2011 1361 2108 huiusmodi

315 2115 574 2191 circumstantia
585 2110 768 2187 constituit
784 2131 915 2185 novam
937 2103 1087 2202 speciem
1105 2115 1262 2207 peceati,-
1278 2125 1361 2211 quae'

262 2213 264 2219 ’
315 2213 444 2290 dicitur
464 2210 687 2288 adulterium·
712 2207 849 2285 Pectrti
879 2231 991 2305 porro
1023 2210 1163 2287 venialis
1188 2212 1358 2291 deformi-

315 2326 366 2389 tas
394 2311 505 2406 polrta
524 2310 572 2385 eil
600 2312 636 2386 in
656 2306 878 2408 perversione
896 2308 1030 2385 ordinis
1053 2309 1253 2389 mediorum
1268 2366 1280 2398 ,
1297 2311 1357 2391 feu

312 2414 349 2489 iu
370 2414 474 2487 nimia
501 2408 699 2486 adnaefione
718 2408 762 2484 ad
784 2431 859 2491 res,
874 2410 1003 2505 quibos
1023 2408 1198 2488 utendum
1221 2411 1291 2505 ell;
1308 2415 1357 2491 ita

314 2525 453 2590 tamen.
471 2527 511 2588 ut
528 2510 586 2585 fini
611 2509 761 2593 ultimo,
781 2510 909 2585 icilicet
930 2504 1034 2594 Deo.
1057 2534 1241 2609 nunquam
1263 2532 1354 2611 pras

311 2608 690 2708 ponanturemortalis
709 2626 828 2684 autem
851 2610 988 2701 peccati
1014 2610 1217 2708 percellitur
1240 2610 1357 2709 polrta

311 2712 361 2788 eil
392 2716 428 2786 in
451 2706 631 2785 eversione
656 2707 790 2785 ordinis
815 2708 859 2783 ad
890 2705 1003 2806 ipsum
1028 2709 1193 2789 ultimum
1224 2710 1357 2808 linones

309 2811 367 2887 leu
390 2814 424 2885 in
450 2810 616 2886 fruitione
638 2830 755 2883 rerum
772 2861 783 2891 ,
802 2808 929 2901 quibus
959 2809 1131 2886 utendum
1160 2814 1232 2898 est,
1257 2812 1354 2910 quali

311 2907 390 2986 linis
413 2910 557 2985 ultimus
591 2903 708 2981 silent
748 2905 996 3000 Quamobrem
1025 2912 1279 2986 circumstantia
1307 2923 1355 2989 ex

312 3009 438 3083 veniali
458 3022 606 3102 peccato
626 3004 739 3080 lacere
754 3006 903 3080 mortale
928 3027 1005 3083 non
1024 3008 1161 3102 potell,
1183 3010 1355 3107 quamdis!
1488 3021 1495 3036 “

310 3110 568 3184 circumstantie
588 3119 706 3179 manet
722 3103 798 3196 ;sed
818 3104 931 3180 solum
952 3106 1165 3183 eumalium
1180 3110 1354 3186 moralem

311 3207 471 3283 transfert
497 3213 531 3282 in
558 3205 659 3281 aliam
690 3202 859 3294 speciem,
878 3204 913 3278 da
929 3202 1066 3284 alteriue
1080 3213 1218 3302 generis
1236 3207 1354 3283 del'orr

309 3310 469 3382 mitatem
503 3304 650 3381 afferens
668 3351 678 3380 2
698 3300 738 3381 lit
761 3303 1037 3402 quodammodo
1064 3304 1223 3403 specifica
1251 3301 1354 3384 dille«

309 3410 421 3483 tentia
443 3407 584 3483 moralis
611 3404 720 3481 allus·
796 3444 798 3447 ·

592 3558 626 3639 R
653 3559 680 3666 β
705 3555 742 3641 G
767 3551 805 3637 U
830 3551 862 3639 L
887 3559 918 3639 ll
968 3549 1012 3639 X
1027 3546 1069 3640 L.

307 3713 531 3804 Diututnitae
549 3738 626 3795 non
639 3718 687 3795 ell
701 3718 959 3794 circumstantia
981 3719 1121 3795 trahens
1134 3718 1252 3799 adium
1267 3735 1351 3800 mo·

356 3817 463 3890 talem
499 3816 541 3891 ad
572 3819 667 3894 aliud
689 3839 803 3916 genus
832 3820 988 3911 peccati,
1009 3815 1162 3895 irmiliter
1189 3844 1255 3899 nec
1279 3823 1348 3901 ire·

356 3918 519 4011 quentia,
533 3920 584 3990 vel
598 3916 785 4003 siduitas,
806 3916 868 3992 nisa
882 3938 928 3991 ex
945 3918 1143 4005 accidenti.
1159 3920 1348 4003 &ratione

354 4014 498 4108 alicujus
523 4016 754 4092 deformitatis
773 4017 984 4096 adventitiae.
1273 4015 1282 4032 “

305 4143 394 4304 Ν
408 4166 458 4221 urr
471 4148 584 4233 euim.
603 4149 743 4243 (lnquit
760 4142 976 4241 stammas>
998 4147 1092 4226 aune
1108 4152 1258 4250 acquirit
1274 4159 1344 4230 n'os

424 4268 503 4320 ram
524 4245 672 4340 speciem
687 4271 732 4324 ex
754 4248 826 4324 hoc
842 4302 852 4332 ‚
871 4246 972 4348 quod
998 4250 1249 4346 multiplicatur
1263 4307 1272 4336 .
1288 4255 1345 4332 vel

306 4342 525 4436 protelatur,
546 4344 609 4421 nile
631 4344 723 4422 forte
751 4348 790 4421 in
813 4347 890 4423 edlu
916 4349 1116 4445 protelato,
1143 4351 1195 4425 sel
1223 4351 1346 4429 multis

305 4440 438 4535 plicato
460 4443 679 4538 superveniat
701 4444 849 4543 aliquid,
874 4446 1095 4542 quoduariet
1112 4447 1280 4545 speciem,
1300 4463 1346 4532 ud

265 4561 268 4566 ’
302 4535 527 4618 disobedientia
537 4597 551 4637 ,
563 4549 618 4621 ael
631 4563 829 4645 contemptus
839 4546 921 4636 ,ael
938 4550 1063 4645 aliquid
1083 4547 1275 4646 hujufrnudr'.

1213 4648 1298 4729 Nec·
