3700 5425
472 563 542 654 De
578 560 843 654 Sacramenta
871 553 1147 658 Matrimonii.
1261 562 1344 671 399'

298 746 455 832 tumque
480 736 560 833 post
594 735 763 832 nuptias?
785 734 866 823 Cu'n
891 735 1007 811 adulta
1030 733 1099 811 filia
1124 730 1223 809 discit
1244 739 1342 829 priua
1461 808 1464 813 .

301 839 469 935 lpontbm
491 839 758 931 mammonam
786 835 883 911 suum
904 836 1116 910 erubescere·
1152 830 1254 928 Quid
1281 831 1344 910 fibi

302 938 380 1013 vult
399 960 490 1011 nova
505 951 614 1029 nupta
636 938 715 1031 poll
735 958 885 1030 generos
900 937 913 1010 l
926 934 1047 1027 Quam
1063 933 1274 1011 indecorum
1294 934 1344 1010 etl

302 1039 459 1135 juniores
484 1036 611 1110 babere
634 1038 783 1114 liberos,
802 1059 909 1131 quam
936 1052 1083 1129 nepotes
1103 1082 1126 1115 ,.
1142 1032 1193 1124 „l

352 1134 540 1211 Secundo,
563 1135 758 1210 liberorum
773 1159 895 1226 am0r3
914 1137 1009 1208 unde
1023 1132 1116 1207 idem
1134 1127 1343 1219 Ambrofiue,

304 1257 336 1309 c·
353 1252 409 1315 15·
425 1282 447 1315 ‚‚
463 1283 487 1315 ‚2
515 1234 588 1309 Cur
602 1235 745 1308 heredes
757 1237 882 1332 quartis
894 1251 1101 1317 extraneos,
1117 1255 1200 1309 cum
1217 1231 1345 1307 lrabeat

304 1332 417 1409 tuus?
448 1331 536 1409 Non
561 1332 651 1408 filios
671 1333 860 1418 defidcras,
881 1356 972 1430 quos
999 1334 1103 1406 babes
1122 1354 1134 1419 ς
1156 1331 1213 1407 sed
1240 1331 1349 1406 serri-

304 1444 441 1518 tutem,
459 1456 567 1528 quam
589 1456 662 1507 non
677 1435 790 1507 babes.
806 1472 838 1500 η
860 1432 1008 1508 Molesta
1024 1434 1157 1527 pietas,
1176 1446 1216 1506 ut
1229 1453 1346 1504 amare

302 1532 433 1607 liberor
451 1549 605 1616 metuas,
625 1530 799 1629 adspicere
814 1532 941 1637 liberos
960 1534 1157 1622 erubescam
1174 1533 1347 1625 atquein·

304 1632 350 1705 de
371 1635 503 1705 oriatur
521 1631 618 1706 causa
641 1632 839 1716 discordie,
857 1630 952 1706 unde
973 1630 1060 1706 soler
1082 1635 1226 1706 mutuus
1243 1646 1347 1703 amor

305 1732 462 1806 mulcere
476 1730 617 1806 affectus
635 1749 830 1827 parentum.
859 1730 1036 1807 Generare
1060 1731 1186 1805 uberes
1201 1732 1251 1804 ris
1271 1751 1348 1803 non

304 1831 425 1905 iratres
438 1830 572 1911 futuros
585 1851 730 1905 tuorum
743 1888 752 1917 ,
765 1830 821 1905 sed
835 1820 1044 1905 adversarios
1061 1831 1227 1907 liliorum·
1245 1826 1347 1920 Quid

306 1931 356 2004 cu
376 1952 463 2024 ergo
481 1953 647 2024 generare
665 1920 749 2004 alios
761 1932 887 2007 liberos
900 1982 910 2014 ,
923 1929 984 2004 nist
1003 1929 1267 2025 lpotinre‚quos
1283 1929 1352 2002 ha·¹

308 2031 390 2110 bes,
421 2031 565 2121 liberos3
590 2032 716 2128 quibus
738 2035 866 2124 pariter
888 2030 1121 2108 auferuntur,
1146 2030 1183 2103 δι
1208 2030 1347 2125 pietatis

307 2124 446 2209 officia,
471 2128 740 2226 &compendia
765 2131 970 2206 facultatum
997 2128 1083 2220 ‚‚,‚?

362 2227 529 2303 Eamdem
550 2234 723 2304 rationem
749 2251 855 2325 urget
881 2236 913 2297 S·
934 2232 1072 2301 Hieron.
1091 2225 1195 2325 Epist.
1223 2243 1281 2301 10·
1302 2223 1348 2302 ad

306 2329 466 2403 Furiam,
489 2331 533 2401 de
550 2327 730 2404 Viduitate
754 2331 928 2408 servanda.
957 2380 1013 2421 ,‚„
1042 2327 1190 2410 Solent,
1213 2329 1346 2419 inquit,

309 2426 576 2502 adolescentulae
601 2430 732 2513 viduae,
761 2447 911 2523 quatum
938 2427 1041 2505 nula
1072 2430 1233 2502 abierunt
1251 2446 1348 2501 retro

312 2528 392 2621 post
419 2524 592 2603 satanam,
616 2550 698 2604 cum
718 2529 900 2606 luxuriatae
920 2526 1050 2604 suerint
1068 2531 1103 2601 in
1124 2523 1266 2601 Christo
1284 2542 1352 2601 nu·

312 2624 435 2725 bentes
449 2627 591 2704 diceret:
615 2628 909 2704 Patrimoniolum
925 2648 1044 2704 meum
1062 2625 1221 2724 quotidie
1239 2626 1352 2720 perit;

313 2730 487 2818 majorum
518 2730 696 2803 hereditas
722 2718 899 2822 dissipatur
923 2749 935 2815 3
958 2728 1072 2803 servus
1093 2725 1351 2804 contumeliose

312 2825 455 2903 locutus
474 2828 522 2902 est
539 2833 742 2922 .imperium
767 2830 888 2903 aracilla
911 2829 1079 2923 neglexit.
1118 2827 1208 2918 Quis
1224 2848 1351 2921 proce·

314 2925 377 3000 det
418 2927 460 3000 ad
484 2927 665 3023 publicum
689 2951 698 3018 ;
725 2933 802 3020 quis
835 2929 1059 3019 respondebit
1089 2950 1156 3024 pro
1182 2948 1351 3019 agrorum

316 3029 452 3100 tributis
469 3072 475 3096 2
490 3023 638 3117 pavulos
657 3050 754 3102 rueos
773 3029 849 3121 quis
874 3027 1008 3100 erudiet
1028 3028 1083 3100 2&
1104 3026 1261 3099 vernulas
1274 3028 1352 3118 quis

317 3123 504 3200 educabit?
519 3125 560 3200 Et
573 3128 681 3208 banc,
696 3127 786 3226 proh
800 3127 911 3199 nesae!
924 3124 1057 3199 causam
1074 3140 1267 3219 opponunt
1279 3146 1354 3196 ma·

317 3225 474 3297 trimonii
488 3275 497 3305 ‚
512 3249 590 3319 quae
612 3229 664 3299 vel
681 3227 747 3300 tola
772 3227 892 3302 debuit
916 3230 1053 3317 nuptias
1077 3222 1255 3318 impedire.
1287 3225 1355 3298 Su·

319 3324 480 3415 perducit
505 3342 615 3400 mater
631 3324 705 3400 filiis
722 3349 796 3400 non
818 3328 1021 3407 nutritium,
1037 3323 1092 3398 setl
1107 3324 1242 3396 holtem
1255 3348 1265 3415 3
1278 3345 1354 3396 uon

319 3441 525 3518 parentem,
542 3425 596 3498 led
614 3446 802 3523 tyrannum
845 3424 1062 3502 lullammata
1085 3419 1248 3506 libidine,
1264 3422 1358 3497 obli·
1459 3515 1464 3520 Ι

319 3521 458 3597 vileitur
483 3528 570 3598 uteri
583 3525 629 3600 sui
646 3529 703 3617 3&
720 3530 808 3600 inter
830 3524 996 3619 parvulos
1023 3522 1097 3599 suas
1120 3520 1266 3597 miserias
1293 3545 1354 3596 ne·

319 3620 499 3705 scientes,
530 3625 652 3717 lugens
675 3627 810 3700 dudum
841 3648 933 3700 nova
965 3641 1074 3718 nupta
1110 3626 1356 3717 componitur.

318 3722 420 3819 Quid
443 3724 605 3796 obtendis
633 3729 898 3799 raratrimonium
923 3724 939 3799 ‘s
963 3722 1062 3816 Quid
1079 3721 1271 3818 superbiam
1293 3721 1359 3802 ser·

320 3824 488 3899 vulurum
519 3822 534 3896 l
561 3821 740 3898 Conlitere
769 3828 1035 3918 turpitudinem.
1077 3821 1182 3897 Nulla
1220 3823 1355 3896 ideirco

322 3925 490 3996 maritum
505 3921 622 4006 ducit,
640 3940 679 3998 ut
706 3945 789 3998 cum
803 3928 929 3998 marito
957 3947 1031 3997 non
1053 3921 1216 3997 dormiat·
1245 3917 1358 3998 nutsr

322 4020 539 4095 certelibido
559 4047 631 4095 non
649 4025 800 4098 stimulat
824 4078 834 4107 ,
864 4045 943 4121 quae
959 4038 1052 4096 tanta
1074 4022 1199 4096 insania
1223 4023 1298 4107 est,
1320 4026 1358 4097 in

324 4142 465 4195 morem
506 4120 703 4199 scortorum
737 4125 943 4218 prostituere
977 4123 1201 4204 castitatem,
1227 4137 1267 4196 ut
1296 4145 1358 4195 au-

325 4233 474 4312 geantur
498 4222 625 4296 divitiae
644 4225 708 4311 3&
733 4240 877 4316 propter
898 4244 971 4295 rem
989 4222 1092 4296 vilem
1116 4269 1125 4301 ,
1147 4236 1253 4316 atque
1270 4224 1358 4313 peti·

326 4336 441 4393 turam
466 4322 631 4405 pudicitia
646 4373 656 4403 ‚
670 4345 748 4418 quae
772 4322 938 4416 pretiosa,
953 4322 988 4395 u
1001 4337 1126 4395 aeterna
1140 4322 1207 4405 est,
1224 4321 1361 4415 pullum

264 4473 267 4479 .
326 4432 384 4491 tur
408 4419 425 4496 l
447 4417 481 4490 b'i
503 4420 607 4494 laabes
633 4423 779 4507 liberos,
797 4426 934 4510 nuptias
953 4420 1036 4514 quid
1055 4418 1270 4511 requirislSi
1284 4441 1359 4491 raon

324 4516 432 4593 babes
447 4574 456 4600 ‚
473 4541 578 4613 quare
591 4542 771 4616 expertam
784 4544 858 4594 non
877 4524 1003 4599 metuis
1016 4518 1252 4601 sterilitatem?
1271 4517 1360 4593 Rem

376 4617 470 4690 Tem.
499 4617 534 4694 V
542 4623 573 4689 1.
807 4617 840 4696 C
864 4639 886 4697 c
1203 4622 1315 4696 lucer·

1383 502 1393 541 l
