3700 5425
402 552 472 670 lie
501 554 770 672 sarmiento
802 536 1093 673 inanimum
1215 558 1303 680 nni·
1445 544 1450 555 ’

250 750 373 831 debito
386 767 525 838 manet.
545 751 707 849 adeoque
717 778 754 831 re
763 753 912 848 juridice
932 750 1102 850 probata,
1123 761 1198 827 non
1216 750 1300 827 moa

250 859 302 929 do
328 853 503 927 dimittere
549 854 638 928 orell
660 854 863 931 consortem
882 857 1056 943 innitum3
1075 848 1131 926 sed
1154 850 1298 947 religio·

251 953 325 1029 lam
347 954 453 1026 vitam
481 874 547 1037 (ἕ
558 951 683 1036 lubet)
710 950 891 1050 profiteri.
924 951 980 1027 rel
1001 951 1117 1027 lactor
1139 944 1300 1056 Ordine·

251 1052 448 1148 suscipere,
474 1070 514 1128 ut
548 1052 687 1129 constat
712 1071 757 1128 err
789 1076 868 1130 can·
902 1049 1097 1146 Agitbvs‘»
1122 1047 1297 1220 causi?-

254 1173 317 1248 qur
327 1169 363 1233 2.
383 1172 429 1226 ex
443 1171 521 1247 cap.
550 1151 770 1242 conditurus,
792 1155 829 1228 ἀ
843 1176 921 1250 cap.
950 1151 1110 1238 Veniens,
1131 1145 1212 1229 Ent.
1279 1166 1300 1216 e

255 1268 467 1320 tennemonn
491 1250 755 1345 Cnnjugatnrnnt.
777 1251 836 1330 Slc
859 1259 892 1322 S·
905 1252 1023 1324 Paulus
1044 1259 1298 1347 cognomento
1450 1316 1456 1323 .

254 1349 401 1445 Simplex
421 1364 574 1427 uxorem
599 1354 634 1427 in
668 1352 842 1429 adulterio
862 1349 1114 1451 deprehensam
1138 1345 1298 1432 dimifit,
1444 1424 1447 1429 ,

254 1455 437 1550 vitamque
462 1451 690 1528 monasticam
717 1453 779 1529 sub
802 1459 835 1524 s·
850 1455 992 1524 Antonin·
1011 1448 1188 1547 disciplina
1208 1462 1300 1543 910⁴

253 1548 357 1627 tellus
382 1549 431 1624 est
445 1594 456 1626 ‚
470 1564 511 1626 ut
531 1550 676 1629 refertur
697 1550 849 1632 Historia
874 1548 1034 1640 Lanfiatae
1055 1571 1133 1645 cap·
1147 1553 1207 1622 28.
1287 1631 1291 1641 ,

241 1741 247 1750 p
309 1647 413 1726 Hanc
426 1645 601 1747 Regulam
618 1649 808 1730 confirmat
820 1657 852 1723 S.
862 1651 925 1732 Tb.
951 1655 988 1730 ln
1004 1664 1040 1746 4·
1055 1654 1197 1720 sentent·
1213 1645 1294 1732 dist·

257 1764 318 1844 ῖς.
342 1771 405 1846 qu.
420 1768 451 1822 1.
476 1768 584 1826 arte.
609 1807 666 1844 „„
696 1746 861 1831 Dimillto
878 1747 1042 1847 (inquit)
1066 1752 1191 1829 uxorin
1220 1747 1294 1824 for·

258 1855 408 1924 meantis
431 1849 630 1928 introducta
651 1853 702 1930 est
722 1852 766 1930 nd
790 1854 1045 1952 corrigendum
1074 1852 1198 1929 uxorin
1225 1847 1295 1924 cm

258 1969 344 2023 rnen
364 1969 424 2043 per
442 1950 546 2024 talem
559 1970 706 2050 poenam
722 1973 733 2035 3
752 1974 860 2049 βοτηε
879 1971 998 2033 autem
1018 1951 1201 2049 corrigent
1218 1960 1296 2023 non

257 2054 471 2144 requiritur,
489 2052 551 2144 ubi
573 2051 776 2128 emendatio
795 2055 867 2147 iam
887 2049 1078 2151 praeceffit5
1103 2049 1245 2127 &ideo
1267 2028 1304 2157 li!

257 2150 385 2324 :inultm
410 2147 454 2222 de
473 2163 623 2246 peccato
652 2153 853 2252 poeniteat,
871 2156 924 2230 vir
946 2174 1024 2238 oon
1048 2163 1188 2229 tenetur
1216 2158 1299 2228 caut

285 2262 434 2323 imittere
459 2300 527 2340 „,‚.

308 2346 430 2439 Qum
451 2349 492 2423 lit
511 2362 628 2428 autem
642 2353 859 2428 conveniens
877 2349 1077 2430 Christiano
1094 2347 1321 2428 reconciliat

258 2450 312 2524 tio
333 2470 417 2523 cum
440 2453 597 2548 conjuge
614 2452 695 2545 post
716 2452 926 2531 adulterium
951 2454 1170 2547 poenitente,
1189 2450 1300 2526 docet
1453 2520 1456 2530 .

260 2553 292 2623 S.
307 2543 438 2640 August.
453 2548 558 2629 lib.2.
575 2555 628 2621 De
638 2554 807 2646 conjugiis
815 2555 1030 2638 adulterinis,
1043 2574 1075 2627 c·
1082 2545 1118 2621 6.
1129 2606 1175 2643 „„
1185 2545 1303 2642 Quod
1325 2584 1329 2591 ·

259 2664 380 2728 antem
401 2648 464 2725 tibi
486 2649 616 2728 durum
645 2653 785 2732 videtur
804 2694 814 2732 t
836 2666 878 2731 ut
906 2651 988 2752 post
1013 2651 1225 2730 adulterium
1249 2658 1308 2728 rd-

262 2753 471 2826 concilietut
495 2753 645 2847 coniugi
672 2756 810 2851 conjux
823 2791 834 2836 t
856 2750 881 2828 fi
902 2754 989 2830 lides
1009 2750 1115 2839 adlit,
1136 2773 1212 2827 non
1237 2750 1305 2826 erit

262 2852 404 2925 durum·
430 2847 504 2926 Cur
520 2856 615 2927 enim
639 2854 755 2931 adhuc
768 2853 980 2950 deputamus
994 2851 1192 2936 adulterum
1210 2869 1305 2946 quor

264 2953 319 3024 vel
342 2947 549 3043 Baptilmate
569 2952 727 3033 abintus,
744 2955 797 3030 vel
813 2956 1023 3049 poenitentia
1052 2951 1226 3027 credimus
1241 2946 1310 3025 elle

263 3048 426 3123 sanatos?
453 3046 538 3125 H'aec
560 3054 705 3128 crimina
725 3056 760 3127 in
788 3067 906 3130 vetere
935 3051 1003 3127 Del
1026 3048 1122 3147 Lege
1139 3048 1241 3126 nullis
1259 3033 1308 3123 s·

264 3149 400 3225 crificirs
415 3152 697 3237 mundabantur,
715 3175 794 3249 quae
809 3155 895 3227 novi
912 3147 1127 3227 Testamenti
1141 3149 1309 3246 sanguine

263 3250 336 3322 line
351 3250 574 3325 dubitatione
588 3251 830 3339 mundantur;
849 3253 885 3325 dt
898 3253 980 3326 ideo
1001 3266 1088 3327 tunc
1109 3253 1210 3325 omni
1228 3265 1311 3322 mo·

266 3350 316 3422 do
340 3352 560 3444 prohibitum
587 3352 635 3425 cll
659 3348 701 3427 ab
724 3350 794 3427 alio
821 3353 1099 3426 contaminatam
1122 3351 1199 3425 viro
1222 3349 1313 3422 reci·

267 3470 352 3545 pere
373 3470 536 3524 uxorem.
555 3490 588 3518 .·
626 3448 738 3527 Nunc
767 3468 886 3528 autem
907 3451 1136 3547 polleaquam
1160 3446 1319 3525 chrissus

267 3571 315 3623 an
340 3550 529 3623 adultere:
557 3553 634 3619 Nec
659 3573 716 3643 ego
744 3545 990 3634 todennam,
1017 3552 1133 3634 vade,
1167 3554 1312 3638 deinceps
1328 3540 1477 3621 loanmv

266 3655 329 3718 nola
347 3671 498 3740 potare,
518 3653 596 3743 quis
616 3670 692 3726 non
711 3649 882 3745 intelligat
897 3650 1025 3726 debere
1043 3647 1226 3745 ignoscere
1240 3651 1316 3743 md·
1529 3652 1531 3657 ’

268 3753 402 3829 ritum,
427 3748 526 3843 quod
556 3748 651 3826 videt
675 3748 845 3847 ignoville
870 3749 1073 3827 Dominum
1096 3750 1318 3832 amborum,

268 3872 336 3922 nec
354 3851 426 3940 jam
447 3849 479 3922 se
497 3851 625 3923 debere
645 3851 837 3926 adulteram
857 3851 992 3933 dicere,
1012 3850 1113 3943 cuiun
1137 3851 1321 3946 poeniten.

269 3956 313 4023 tia
335 3953 483 4021 crimine
509 3950 627 4024 divina
648 3952 760 4024 credit
782 3951 1005 4025 nrileratione
1029 3946 1185 4024 deletum
1211 4003 1233 4039 „
1252 4002 1289 4038 „.

322 4049 366 4115 dc
385 4068 453 4141 cap.
466 4071 502 4136 9·
526 4106 547 4140 ‚,
565 4103 586 4138 ,‚
615 4045 652 4124 Si
676 4055 881 4125 communis
906 4048 1097 4130 conditio,
1122 4060 1319 4124 commune
1454 4063 1456 4068 ’

270 4148 404 4224 malum
424 4204 434 4234 ‚
458 4173 652 4226 commune
686 4149 909 4246 periculum.
935 4163 1131 4222 commune
1161 4146 1316 4230 vulnusu

277 4253 481 4323 communis
502 4250 586 4325 lalus
600 4248 768 4331 fideliter,
783 4251 817 4321 ἃ
836 4249 1015 4325 humiliter
1027 4248 1205 4343 cogitetur
1217 4296 1228 4323 ‚
1240 4255 1319 4320 non

272 4365 336 4422 erit
361 4356 490 4440 introis,
523 4373 638 4444 neque
664 4344 838 4432 difficilis,
867 4350 973 4423 etiam
995 4346 1075 4440 post
1098 4358 1319 4441 perpetratas,

271 4465 381 4541 atque
403 4468 548 4544 purgata
562 4449 731 4522 adulteria
758 4447 1000 4523 reconciliatio
1024 4446 1243 4539 conjugum,
1260 4434 1323 4517 ahl

272 4569 336 4645 per
352 4548 466 4625 claves
484 4552 586 4644 regul
602 4546 783 4626 coelorum
796 4561 872 4626 nod
888 4546 1069 4632 dubitatur
1080 4539 1154 4621 fieri
1167 4530 1321 4628 remulo

370 4673 372 4677 ’
462 4693 471 4702 ,
1186 4662 1271 4740 Etc-
