3700 5425
494 552 565 648 De
588 522 857 648 sacramento
881 544 1211 654 Memnona-²2
1279 564 1376 671 κῇ
1646 606 1652 713 Ι

335 719 468 812 'idem
490 723 680 806 confirmat
700 724 807 796 Ml.
828 729 914 817 inq.
937 730 1081 799 Santrae.
1107 726 1185 805 dist
1199 722 1261 823 36.
1306 731 1374 805 :r-

315 838 383 915 att·
399 858 428 907 r.
450 833 486 905 in
509 825 736 922 responsione
755 824 799 902 ad
814 829 982 924 primum·
1021 876 1081 921 Μ,
1105 826 1263 909 Servitut
1279 752 1371 918 dia·
1470 872 1475 881 ·

318 927 421 1030 quit)
445 929 678 1006 contrariatur
702 928 935 1001 matrimonio
966 942 1142 1033 quantum
1162 926 1207 1005 ad
1221 928 1367 1019 auum.

318 1034 367 1126 a'd
398 1052 507 1129 quem
530 1027 609 1125 quis
649 1048 712 1123 per
743 1027 1014 1105 matrimonium
1040 1026 1139 1103 alteri
1160 1026 1364 1125 obligatur,

316 1154 427 1231 quem
441 1150 516 1205 non
543 1124 658 1224 potest
679 1126 786 1201 libere
808 1128 958 1224 exequi,
980 1128 1208 1226 &quantum
1233 1128 1278 1205 ad
1297 1130 1368 1207 bo·
1405 1210 1411 1219 ,
1555 1152 1560 1159 ·

317 1255 406 1310 num
430 1224 563 1325 prolis,
580 1246 660 1322 quae
677 1226 807 1321 peioris
830 1225 1048 1303 conditionis
1065 1222 1217 1327 efficitur
1230 1250 1278 1305 ex
1294 1226 1367 1305 sera·
1427 1252 1431 1265 ·

321 1336 433 1409 vitute
447 1329 613 1427 parentia·
640 1322 709 1400 Sed
727 1327 810 1424 qnia
827 1325 974 1421 quilibet
992 1328 1108 1424 potest
1124 1328 1160 1401 in
1176 1348 1241 1415 eo,
1260 1324 1366 1422 quod

316 1430 382 1508 libi
405 1430 578 1512 debetur,
606 1423 732 1520 sponte
767 1422 1022 1503 detrimentum
1050 1426 1196 1523 aliquod
1227 1424 1390 1509 subite·-
1431 1480 1435 1489 ·

315 1531 400 1631 ideo
422 1522 449 1604 st
470 1528 556 1602 alter
583 1525 785 1621 conjugum
807 1522 871 1599 scit
892 1523 1033 1601 alteriue
1057 1523 1282 1631 servitutem,
1309 1530 1370 1605 ni·
1505 1608 1508 1617 ,
1531 1596 1569 1661 ,ᾖ
1633 1526 1646 1621 ’,

314 1629 512 1710 llilominus
523 1626 792 1700 matrimonium
814 1637 922 1698 tenet.
952 1623 1117 1702 Similiter
1133 1627 1258 1712 etium,
1280 1630 1367 1726 quiq
1483 1644 1499 1681 -·
1518 1618 1575 1727 ⁴²..

313 1732 352 1807 in
370 1727 600 1818 matrimonio
618 1722 666 1797 est
679 1721 820 1817 aequalis
839 1721 1013 1821 obligatio
1028 1742 1074 1800 ex
1090 1738 1243 1823 utraque
1263 1738 1365 1821 parta
1447 1745 1465 1759 ··
1538 1724 1544 1731 “
1568 1800 1574 1811 ,

313 1829 359 1907 ad
373 1829 535 1904 debitum
553 1823 797 1899 reddendum.
819 1845 894 1899 non
906 1822 1024 1919 potest
1038 1822 1164 1920 aliquia
1184 1828 1387 1923 requirere,

305 1928 490 2025 majorem
504 1924 763 2020 obligationem
787 1943 836 1997 ex
859 1939 957 2016 parte
976 1922 1116 2001 alteriue
1133 1970 1147 2008 ,
1164 1946 1276 2025 quarn
1289 1924 1365 2026 ipse
1466 1928 1471 1937 ’

313 2022 423 2129 posfit
444 2026 582 2111 saeere3
605 2024 641 2111 dr
665 2040 811 2119 propter
841 2020 914 2098 hoc
940 2021 1056 2100 sertus
1080 2064 1091 2101 a
1115 2022 1249 2101 etiamsi
1270 2048 1366 2103 coo.
1620 2106 1628 2115 ‚

313 2129 423 2204 trabit
446 2148 530 2202 cum
548 2121 692 2208 ancilla,
715 2142 822 2216 quam
844 2122 957 2200 credit
991 2123 1158 2219 liberam,
1175 2144 1251 2201 non
1276 2146 1364 2227 pro·
1466 2176 1471 2183 -
1645 2130 1649 2137 '

313 2245 395 2324 pter
428 2222 503 2300 hoc
531 2222 723 2319 impeditur
761 2222 1044 2300 matrimonium·
1085 2220 1131 2301 lit
1157 2218 1207 2301 lic
1235 2240 1365 2321 patet·
1405 2224 1444 2277 ·’

313 2323 418 2423 quod
434 2324 578 2401 servitus
603 2345 678 2397 non
692 2324 843 2418 impedit
855 2322 1146 2408 matrimonium,
1162 2320 1236 2401 nili
1248 2346 1363 2424 quau·
1475 2358 1478 2363 ·
1558 2358 1570 2417 j

312 2426 364 2500 do
385 2430 547 2522 ignorata
568 2421 616 2498 est
638 2422 681 2496 ab
696 2418 766 2496 alio
784 2422 965 2519 conjuge,
979 2424 1041 2521 qui
1064 2418 1108 2497 lit
1129 2420 1365 2503 libera-con-

311 2524 467 2602 ditionis.
494 2520 632 2600 litideo
653 2519 739 2595 nihil
759 2518 1030 2619 prohibetinter
1049 2518 1168 2598 servor
1186 2518 1255 2600 else
1268 2546 1364 2603 con·
1455 2604 1458 2609 ,
1566 2562 1571 2569 ·

308 2626 431 2725 jugia,
454 2624 511 2703 rel
531 2625 636 2697 etiam
664 2624 756 2697 inter
776 2619 949 2707 liberum,
964 2621 1002 2697 dr
1025 2620 1189 2701 ancillam
1213 2660 1285 2720 u.
1433 2654 1438 2661 ·
1544 2644 1551 2661 ·

604 2787 932 2886 RuGuLsn
981 2801 1063 2887 vl.

310 2966 503 3046 Servorum
527 2967 779 3051 matrimonia,
801 2964 1006 3044 inconsultis
1026 2965 1212 3052 etiam&
1236 2965 1356 3048 invitia

531 3070 685 3142 dominis
710 3067 912 3153 contraria,
933 3082 1007 3145 rata
1034 3067 1124 3146 sunt
1243 3113 1248 3119 ·

311 3223 468 3383 Olim
502 3222 677 3319 quidem,
700 3223 892 3299 secundum
925 3226 980 3316 jur
1021 3224 1145 3309 civile,
1171 3226 1351 3304 serrorum
1370 3221 1501 3323 libra
1527 3225 1618 3306 lli.

423 3325 691 3418 conjunsliones
723 3346 803 3399 vera
827 3328 1050 3401 matrimonia
1085 3349 1161 3400 non
1186 3324 1352 3401 diceban·
1371 3303 1490 3445 ''gaal‘'
1509 3331 1565 3382 ¹¹¹¹·
1628 3379 1633 3384 -

309 3434 390 3500 tur,
411 3422 468 3495 sed
501 3435 595 3498 mera
627 3424 888 3511 contubernia3
915 3425 1118 3523 eodemque
1148 3426 1228 3520 jure
1258 3427 1352 3502 irrita
1371 3397 1417 3538 Β,
1434 3405 1530 3526 servo.

306 3520 539 3596 censebantur
557 3524 749 3599 liberorum
764 3522 955 3598 hominum
978 3526 1157 3608 connubia
1187 3547 1272 3601 curn
1292 3549 1354 3601 an·
1371 3549 1436 3596 rum
1451 3539 1551 3608 maan

307 3622 424 3707 crllis,
449 3621 503 3695 vel
517 3629 749 3721 ingenuarum
764 3623 951 3699 mulierum
973 3647 1057 3701 cum
1078 3623 1191 3700 servis·
1216 3624 1282 3703 Hir
1305 3625 1356 3701 le·
1371 3611 1483 3678 ”⁰⁰¹⁰-

306 3726 412 3819 gibus
440 3721 656 3818 disciplinam
673 3722 767 3800 suam
787 3724 847 3798 din
868 3725 1157 3803 accommodavit
1180 3722 1352 3821 Ecclefia;

306 3843 346 3896 ut
361 3822 500 3896 constat
522 3846 568 3897 ex
587 3821 693 3919 Epist.
706 3840 740 3892 2.
764 3823 843 3899 aliaa
855 3841 915 3914 92,
933 3833 964 3894 s.
978 3826 1096 3893 Leonis
1115 3825 1162 3899 ad
1185 3823 1355 3902 Rullicum

306 3915 579 3997 Narbonensem
603 3919 900 4022 Episcopumex,
914 3946 991 4021 quo
1004 3921 1150 4001 refertur
1163 3945 1242 4001 can.
1267 3927 1354 3997 Nan

307 4030 437 4097 amnis,
461 4023 498 4096 δι
528 4046 606 4097 can.
639 4024 824 4107 Ancillam,
848 4023 947 4098 causa
967 4039 1022 4110 32.
1050 4043 1086 4118 q.
1103 4041 1138 4093 2·
1167 4078 1189 4117 ‚,
1207 4045 1244 4114 „·
1264 4023 1356 4103 Non

307 4124 425 4195 omnis
453 4120 577 4198 mulier
606 4116 770 4217 (inquit)
797 4124 1042 4216 januario,
1078 4143 1179 4220 uxor
1198 4125 1246 4199 ell
1266 4128 1357 4220 viti;

307 4227 393 4315 quia
412 4245 478 4295 nec
496 4225 614 4297 omnis
634 4222 724 4298 lilius
738 4220 846 4297 haeres
865 4222 1054 4319 elluatus,
1072 4223 1276 4319 nuptiarum
1293 4248 1359 4302 au·

303 4332 378 4394 tem
405 4320 539 4397 foedera
562 4329 653 4398 inter
681 4325 857 4417 ingenuos
883 4321 963 4397 sunt
997 4321 1173 4415 legitima,
1198 4325 1234 4397 u
1262 4328 1356 4400 inter

302 4420 473 4512 aequales,
491 4423 609 4497 multo
623 4425 716 4515 prius
730 4421 803 4495 hoc
823 4419 934 4515 ipsum
956 4418 1121 4497 Domino
1135 4422 1354 4498 constituen-
1386 4465 1388 4470 ν

298 4534 361 4609 te.
380 4542 491 4619 quam
509 4526 652 4599 initium
670 4524 810 4602 romani
820 4520 905 4615 juris
919 4521 1092 4601 existeret·
1120 4516 1245 4621 ltaque
1249 4516 1352 4697 eadm
1568 4549 1574 4566 ·

1408 4733 1436 4780 “,,
1481 4741 1546 4768 un
1564 4723 1615 4768 .“..ὶὲ
