<?xml version="1.0" encoding="UTF-8"?>
<!DOCTYPE html PUBLIC "-//W3C//DTD XHTML 1.0 Transitional//EN"
    "http://www.w3.org/TR/xhtml1/DTD/xhtml1-transitional.dtd">
<html xmlns="http://www.w3.org/1999/xhtml" xml:lang="en" lang="en">
 <head>
  <title>
</title>
<meta http-equiv="Content-Type" content="text/html;charset=utf-8" />
  <meta name='ocr-system' content='tesseract 3.04.00' />
  <meta name='ocr-capabilities' content='ocr_page ocr_carea ocr_par ocr_line ocrx_word'/>
</head>
<body>
  <div class='ocr_page' id='page_1' title='image "./theologiadogmat05alexgoog_0547.png"; bbox 0 0 3700 5425; ppageno 0'>
   <div class='ocr_carea' id='block_1_1' title="bbox 382 741 1314 888">
    <p class='ocr_par' dir='ltr' id='par_1_1' title="bbox 382 741 1314 888">
     <span class='ocr_line' id='line_1_1' title="bbox 382 741 1314 888; baseline 0.001 -31"><span class='ocrx_word' id='word_1_1' title='bbox 382 811 389 823; x_wconf 89' lang='lat'><strong>·</strong></span> <span class='ocrx_word' id='word_1_2' title='bbox 456 762 565 857; x_wconf 76' lang='grc' dir='ltr'>ΙῙ)ο</span> <span class='ocrx_word' id='word_1_3' title='bbox 592 747 776 857; x_wconf 76' lang='lat' dir='ltr'>Penestis</span> <span class='ocrx_word' id='word_1_4' title='bbox 808 768 853 854; x_wconf 90' lang='lat' dir='ltr'>in</span> <span class='ocrx_word' id='word_1_5' title='bbox 885 770 1057 888; x_wconf 69' lang='lat' dir='ltr'>genere</span> <span class='ocrx_word' id='word_1_6' title='bbox 1092 741 1096 752; x_wconf 43' lang='lat'>⁸</span> <span class='ocrx_word' id='word_1_7' title='bbox 1223 786 1314 878; x_wconf 58' lang='lat'>541</span> 
     </span>
    </p>
   </div>
   <div class='ocr_carea' id='block_1_2' title="bbox 231 934 1573 4926">
    <p class='ocr_par' dir='ltr' id='par_1_2' title="bbox 231 934 1573 4926">
     <span class='ocr_line' id='line_1_2' title="bbox 270 934 1318 1044; baseline 0.005 -30"><span class='ocrx_word' id='word_1_8' title='bbox 270 938 341 1044; x_wconf 76' lang='lat' dir='ltr'>poli</span> <span class='ocrx_word' id='word_1_9' title='bbox 354 940 468 1037; x_wconf 76' lang='lat' dir='ltr'>plura:</span> <span class='ocrx_word' id='word_1_10' title='bbox 481 935 599 1034; x_wconf 87' lang='lat' dir='ltr'>Magis</span> <span class='ocrx_word' id='word_1_11' title='bbox 617 934 833 1014; x_wconf 80' lang='lat' dir='ltr'><strong>declinamus</strong></span> <span class='ocrx_word' id='word_1_12' title='bbox 846 935 889 1015; x_wconf 87' lang='lat' dir='ltr'>ad</span> <span class='ocrx_word' id='word_1_13' title='bbox 903 961 943 1015; x_wconf 75' lang='lat' dir='ltr'>en</span> <span class='ocrx_word' id='word_1_14' title='bbox 965 936 1178 1037; x_wconf 75' lang='lat' dir='ltr'>‚que-sunt</span> <span class='ocrx_word' id='word_1_15' title='bbox 1192 942 1318 1036; x_wconf 53' lang='lat' dir='ltr'>opinrss</span> 
     </span>
     <span class='ocr_line' id='line_1_3' title="bbox 274 1038 1320 1137; baseline -0.002 -19"><span class='ocrx_word' id='word_1_16' title='bbox 274 1044 375 1121; x_wconf 77' lang='lat' dir='ltr'>bilia,</span> <span class='ocrx_word' id='word_1_17' title='bbox 392 1065 498 1137; x_wconf 86' lang='lat' dir='ltr'>quam</span> <span class='ocrx_word' id='word_1_18' title='bbox 513 1038 557 1113; x_wconf 89' lang='lat' dir='ltr'>ad</span> <span class='ocrx_word' id='word_1_19' title='bbox 576 1039 758 1113; x_wconf 81' lang='lat' dir='ltr'>veritatem</span> <span class='ocrx_word' id='word_1_20' title='bbox 779 1062 789 1127; x_wconf 94' lang='grc'><strong>;</strong></span> <span class='ocrx_word' id='word_1_21' title='bbox 812 1038 861 1114; x_wconf 82' lang='lat' dir='ltr'>eli</span> <span class='ocrx_word' id='word_1_22' title='bbox 886 1043 982 1115; x_wconf 86' lang='lat' dir='ltr'>enlm</span> <span class='ocrx_word' id='word_1_23' title='bbox 1005 1038 1161 1125; x_wconf 79' lang='lat' dir='ltr'>austera,</span> <span class='ocrx_word' id='word_1_24' title='bbox 1189 1040 1320 1136; x_wconf 86' lang='lat' dir='ltr'>gravil-</span> 
     </span>
     <span class='ocr_line' id='line_1_4' title="bbox 273 1135 1318 1239; baseline -0.002 -20"><span class='ocrx_word' id='word_1_25' title='bbox 273 1166 365 1239; x_wconf 85' lang='lat' dir='ltr'>que.</span> <span class='ocrx_word' id='word_1_26' title='bbox 383 1163 424 1216; x_wconf 91' lang='lat' dir='ltr'>ac</span> <span class='ocrx_word' id='word_1_27' title='bbox 448 1139 573 1215; x_wconf 82' lang='lat' dir='ltr'>severa·</span> <span class='ocrx_word' id='word_1_28' title='bbox 602 1136 815 1234; x_wconf 84' lang='lat' dir='ltr'>rltquecum</span> <span class='ocrx_word' id='word_1_29' title='bbox 831 1135 900 1213; x_wconf 82' lang='lat' dir='ltr'>lint</span> <span class='ocrx_word' id='word_1_30' title='bbox 925 1138 1072 1235; x_wconf 91' lang='lat' dir='ltr'>quidem</span> <span class='ocrx_word' id='word_1_31' title='bbox 1092 1154 1162 1215; x_wconf 81' lang='lat' dir='ltr'>tres</span> <span class='ocrx_word' id='word_1_32' title='bbox 1190 1143 1318 1217; x_wconf 79' lang='lat' dir='ltr'>animae</span> 
     </span>
     <span class='ocr_line' id='line_1_5' title="bbox 272 1234 1318 1337; baseline -0.003 -18"><span class='ocrx_word' id='word_1_33' title='bbox 272 1241 473 1321; x_wconf 79' lang='lat' dir='ltr'>affudiones</span> <span class='ocrx_word' id='word_1_34' title='bbox 485 1295 494 1323; x_wconf 94' lang='lat'>,</span> <span class='ocrx_word' id='word_1_35' title='bbox 507 1240 684 1334; x_wconf 82' lang='lat' dir='ltr'>ignoratio</span> <span class='ocrx_word' id='word_1_36' title='bbox 697 1279 707 1313; x_wconf 73' lang='lat'><em>2</em></span> <span class='ocrx_word' id='word_1_37' title='bbox 722 1234 868 1333; x_wconf 77' lang='lat' dir='ltr'>opinio,</span> <span class='ocrx_word' id='word_1_38' title='bbox 880 1237 1019 1315; x_wconf 83' lang='lat' dir='ltr'>scientia</span> <span class='ocrx_word' id='word_1_39' title='bbox 1036 1262 1048 1329; x_wconf 93' lang='lat'>;</span> <span class='ocrx_word' id='word_1_40' title='bbox 1068 1240 1130 1336; x_wconf 89' lang='lat' dir='ltr'>qui</span> <span class='ocrx_word' id='word_1_41' title='bbox 1158 1242 1193 1314; x_wconf 90' lang='lat' dir='ltr'>in</span> <span class='ocrx_word' id='word_1_42' title='bbox 1208 1242 1318 1337; x_wconf 84' lang='lat' dir='ltr'>igno-</span> 
     </span>
     <span class='ocr_line' id='line_1_6' title="bbox 273 1333 1314 1435; baseline -0.001 -17"><span class='ocrx_word' id='word_1_43' title='bbox 273 1344 412 1419; x_wconf 81' lang='lat' dir='ltr'>ratione</span> <span class='ocrx_word' id='word_1_44' title='bbox 434 1339 579 1434; x_wconf 83' lang='lat' dir='ltr'>quidem</span> <span class='ocrx_word' id='word_1_45' title='bbox 608 1333 805 1423; x_wconf 80' lang='lat' dir='ltr'>versantur,</span> <span class='ocrx_word' id='word_1_46' title='bbox 827 1335 907 1413; x_wconf 87' lang='lat' dir='ltr'>lunt</span> <span class='ocrx_word' id='word_1_47' title='bbox 927 1355 1052 1434; x_wconf 83' lang='lat' dir='ltr'>gentes</span> <span class='ocrx_word' id='word_1_48' title='bbox 1075 1359 1088 1425; x_wconf 89' lang='lat'>;</span> <span class='ocrx_word' id='word_1_49' title='bbox 1109 1340 1171 1435; x_wconf 90' lang='lat' dir='ltr'>qui</span> <span class='ocrx_word' id='word_1_50' title='bbox 1192 1356 1314 1416; x_wconf 84' lang='lat' dir='ltr'>autem</span> 
     </span>
     <span class='ocr_line' id='line_1_7' title="bbox 272 1433 1435 1536; baseline -0.003 -18"><span class='ocrx_word' id='word_1_51' title='bbox 272 1443 308 1518; x_wconf 91' lang='lat' dir='ltr'>ln</span> <span class='ocrx_word' id='word_1_52' title='bbox 335 1433 753 1523; x_wconf 79' lang='lat' dir='ltr'>scientia,rerallcclelia</span> <span class='ocrx_word' id='word_1_53' title='bbox 770 1461 780 1528; x_wconf 87' lang='lat'><strong>;</strong></span> <span class='ocrx_word' id='word_1_54' title='bbox 797 1439 961 1534; x_wconf 88' lang='lat' dir='ltr'>quivero</span> <span class='ocrx_word' id='word_1_55' title='bbox 979 1438 1014 1511; x_wconf 89' lang='lat' dir='ltr'>in</span> <span class='ocrx_word' id='word_1_56' title='bbox 1036 1440 1235 1536; x_wconf 87' lang='lat' dir='ltr'>opinione,</span> <span class='ocrx_word' id='word_1_57' title='bbox 1257 1442 1279 1514; x_wconf 89' lang='lat' dir='ltr'>ii</span> <span class='ocrx_word' id='word_1_58' title='bbox 1298 1488 1311 1526; x_wconf 84' lang='lat'><strong>.</strong></span> <span class='ocrx_word' id='word_1_59' title='bbox 1431 1473 1435 1479; x_wconf 96' lang='lat'>·</span> 
     </span>
     <span class='ocr_line' id='line_1_8' title="bbox 300 1533 1311 1630; baseline -0.01 -13"><span class='ocrx_word' id='word_1_60' title='bbox 300 1566 334 1617; x_wconf 88' lang='lat' dir='ltr'>ur</span> <span class='ocrx_word' id='word_1_61' title='bbox 354 1539 523 1616; x_wconf 70' lang='lat' dir='ltr'>sedantur</span> <span class='ocrx_word' id='word_1_62' title='bbox 547 1534 701 1616; x_wconf 79' lang='lat' dir='ltr'>naereses.</span> <span class='ocrx_word' id='word_1_63' title='bbox 747 1540 898 1630; x_wconf 81' lang='lat' dir='ltr'>Denique</span> <span class='ocrx_word' id='word_1_64' title='bbox 917 1533 986 1627; x_wconf 70' lang='lat' dir='ltr'>pori</span> <span class='ocrx_word' id='word_1_65' title='bbox 1007 1537 1156 1607; x_wconf 80' lang='lat' dir='ltr'>nonnulle</span> <span class='ocrx_word' id='word_1_66' title='bbox 1175 1536 1311 1623; x_wconf 75' lang='lat' dir='ltr'>subdit:</span> 
     </span>
     <span class='ocr_line' id='line_1_9' title="bbox 272 1564 1316 1738; baseline -0.002 -22"><span class='ocrx_word' id='word_1_67' title='bbox 272 1564 350 1733; x_wconf 49' lang='lat' dir='ltr'>Qui</span> <span class='ocrx_word' id='word_1_68' title='bbox 364 1657 461 1738; x_wconf 88' lang='lat' dir='ltr'>paret</span> <span class='ocrx_word' id='word_1_69' title='bbox 476 1636 712 1720; x_wconf 69' lang='lat' dir='ltr'>Dumium&amp;</span> <span class='ocrx_word' id='word_1_70' title='bbox 726 1658 787 1730; x_wconf 87' lang='lat' dir='ltr'>per</span> <span class='ocrx_word' id='word_1_71' title='bbox 801 1660 885 1712; x_wconf 93' lang='lat' dir='ltr'>eum</span> <span class='ocrx_word' id='word_1_72' title='bbox 907 1636 1024 1713; x_wconf 82' lang='lat' dir='ltr'>datam</span> <span class='ocrx_word' id='word_1_73' title='bbox 1045 1635 1199 1731; x_wconf 87' lang='lat' dir='ltr'>sequitur</span> <span class='ocrx_word' id='word_1_74' title='bbox 1226 1635 1316 1714; x_wconf 89' lang='lat' dir='ltr'>Pru·</span> 
     </span>
     <span class='ocr_line' id='line_1_10' title="bbox 271 1732 1314 1840; baseline -0.002 -26"><span class='ocrx_word' id='word_1_75' title='bbox 271 1740 449 1840; x_wconf 73' lang='lat' dir='ltr'>photiani,</span> <span class='ocrx_word' id='word_1_76' title='bbox 468 1732 616 1812; x_wconf 86' lang='lat' dir='ltr'>efficitur</span> <span class='ocrx_word' id='word_1_77' title='bbox 631 1734 675 1811; x_wconf 93' lang='lat' dir='ltr'>ad</span> <span class='ocrx_word' id='word_1_78' title='bbox 696 1738 848 1833; x_wconf 87' lang='lat' dir='ltr'>magistri</span> <span class='ocrx_word' id='word_1_79' title='bbox 866 1738 1056 1833; x_wconf 83' lang='lat' dir='ltr'>imaginem</span> <span class='ocrx_word' id='word_1_80' title='bbox 1067 1734 1188 1822; x_wconf 88' lang='lat' dir='ltr'>Deus,</span> <span class='ocrx_word' id='word_1_81' title='bbox 1202 1738 1263 1834; x_wconf 90' lang='lat' dir='ltr'>qui</span> <span class='ocrx_word' id='word_1_82' title='bbox 1275 1739 1314 1812; x_wconf 88' lang='lat' dir='ltr'>iu</span> 
     </span>
     <span class='ocr_line' id='line_1_11' title="bbox 272 1832 1315 1931; baseline -0.004 -15"><span class='ocrx_word' id='word_1_83' title='bbox 272 1862 376 1916; x_wconf 86' lang='lat' dir='ltr'>carne</span> <span class='ocrx_word' id='word_1_84' title='bbox 392 1836 554 1913; x_wconf 84' lang='lat' dir='ltr'>versatur.</span> <span class='ocrx_word' id='word_1_85' title='bbox 582 1832 686 1912; x_wconf 88' lang='lat' dir='ltr'>Hanc</span> <span class='ocrx_word' id='word_1_86' title='bbox 708 1858 798 1931; x_wconf 88' lang='lat' dir='ltr'>ergo</span> <span class='ocrx_word' id='word_1_87' title='bbox 812 1836 1037 1913; x_wconf 87' lang='lat' dir='ltr'>altitudinem</span> <span class='ocrx_word' id='word_1_88' title='bbox 1058 1838 1204 1912; x_wconf 89' lang='lat' dir='ltr'>minime</span> <span class='ocrx_word' id='word_1_89' title='bbox 1229 1833 1315 1912; x_wconf 80' lang='lat' dir='ltr'>alle-</span> 
     </span>
     <span class='ocr_line' id='line_1_12' title="bbox 302 1932 1313 2034; baseline -0.005 -19"><span class='ocrx_word' id='word_1_90' title='bbox 302 1955 455 2024; x_wconf 89' lang='lat' dir='ltr'>uuntur,</span> <span class='ocrx_word' id='word_1_91' title='bbox 472 1937 624 2034; x_wconf 90' lang='lat' dir='ltr'>quinon</span> <span class='ocrx_word' id='word_1_92' title='bbox 648 1932 842 2031; x_wconf 85' lang='lat' dir='ltr'>lequuntur</span> <span class='ocrx_word' id='word_1_93' title='bbox 862 1933 981 2014; x_wconf 91' lang='lat' dir='ltr'>Deum</span> <span class='ocrx_word' id='word_1_94' title='bbox 1008 1959 1070 2013; x_wconf 90' lang='lat' dir='ltr'>eos</span> <span class='ocrx_word' id='word_1_95' title='bbox 1095 1934 1313 2028; x_wconf 77' lang='lat' dir='ltr'>ducentem3</span> 
     </span>
     <span class='ocr_line' id='line_1_13' title="bbox 272 1958 1310 2134; baseline -0.003 -19"><span class='ocrx_word' id='word_1_96' title='bbox 272 1958 373 2115; x_wconf 51' lang='lat' dir='ltr'>aucit</span> <span class='ocrx_word' id='word_1_97' title='bbox 405 2054 522 2113; x_wconf 89' lang='lat' dir='ltr'>autem</span> <span class='ocrx_word' id='word_1_98' title='bbox 547 2057 608 2131; x_wconf 93' lang='lat' dir='ltr'>per</span> <span class='ocrx_word' id='word_1_99' title='bbox 629 2032 825 2132; x_wconf 85' lang='lat' dir='ltr'>Scripturas</span> <span class='ocrx_word' id='word_1_100' title='bbox 846 2036 1014 2113; x_wconf 81' lang='lat' dir='ltr'>divinitus</span> <span class='ocrx_word' id='word_1_101' title='bbox 1042 2035 1229 2134; x_wconf 78' lang='lat' dir='ltr'>inspiratas·</span> <span class='ocrx_word' id='word_1_102' title='bbox 1263 2032 1310 2112; x_wconf 77' lang='lat' dir='ltr'>Et</span> 
     </span>
     <span class='ocr_line' id='line_1_14' title="bbox 271 2132 1310 2233; baseline -0.003 -19"><span class='ocrx_word' id='word_1_103' title='bbox 271 2161 355 2214; x_wconf 89' lang='lat' dir='ltr'>cum</span> <span class='ocrx_word' id='word_1_104' title='bbox 368 2135 433 2212; x_wconf 78' lang='lat' dir='ltr'>sint</span> <span class='ocrx_word' id='word_1_105' title='bbox 448 2133 732 2218; x_wconf 87' lang='lat' dir='ltr'>innumerabilia,</span> <span class='ocrx_word' id='word_1_106' title='bbox 749 2157 830 2233; x_wconf 87' lang='lat' dir='ltr'>quae</span> <span class='ocrx_word' id='word_1_107' title='bbox 845 2132 990 2211; x_wconf 84' lang='lat' dir='ltr'>fiuntab</span> <span class='ocrx_word' id='word_1_108' title='bbox 1000 2133 1215 2222; x_wconf 88' lang='lat' dir='ltr'>hominibus,</span> <span class='ocrx_word' id='word_1_109' title='bbox 1228 2132 1310 2212; x_wconf 81' lang='lat' dir='ltr'>sunt</span> 
     </span>
     <span class='ocr_line' id='line_1_15' title="bbox 269 2232 1311 2335; baseline -0.005 -21"><span class='ocrx_word' id='word_1_110' title='bbox 269 2241 396 2335; x_wconf 86' lang='lat' dir='ltr'>utique</span> <span class='ocrx_word' id='word_1_111' title='bbox 417 2235 491 2311; x_wconf 92' lang='lat' dir='ltr'>duo</span> <span class='ocrx_word' id='word_1_112' title='bbox 510 2232 658 2329; x_wconf 85' lang='lat' dir='ltr'>cujusvis</span> <span class='ocrx_word' id='word_1_113' title='bbox 678 2239 812 2329; x_wconf 84' lang='lat' dir='ltr'>peccati</span> <span class='ocrx_word' id='word_1_114' title='bbox 834 2237 1025 2333; x_wconf 86' lang='lat' dir='ltr'>principia,</span> <span class='ocrx_word' id='word_1_115' title='bbox 1044 2237 1250 2331; x_wconf 74' lang='lat' dir='ltr'>ignoratio,</span> <span class='ocrx_word' id='word_1_116' title='bbox 1270 2234 1311 2309; x_wconf 72' lang='grc' dir='ltr'>ἀ</span> 
     </span>
     <span class='ocr_line' id='line_1_16' title="bbox 271 2334 1308 2433; baseline -0.004 -19"><span class='ocrx_word' id='word_1_117' title='bbox 271 2336 511 2414; x_wconf 82' lang='lat' dir='ltr'>imbecillitas:</span> <span class='ocrx_word' id='word_1_118' title='bbox 527 2335 575 2409; x_wconf 88' lang='lat' dir='ltr'>est</span> <span class='ocrx_word' id='word_1_119' title='bbox 586 2351 703 2411; x_wconf 90' lang='lat' dir='ltr'>autem</span> <span class='ocrx_word' id='word_1_120' title='bbox 720 2350 912 2433; x_wconf 89' lang='lat' dir='ltr'>utrumque</span> <span class='ocrx_word' id='word_1_121' title='bbox 931 2338 966 2409; x_wconf 90' lang='lat' dir='ltr'>in</span> <span class='ocrx_word' id='word_1_122' title='bbox 987 2336 1103 2414; x_wconf 79' lang='lat' dir='ltr'>noun</span> <span class='ocrx_word' id='word_1_123' title='bbox 1115 2334 1308 2433; x_wconf 80' lang='lat' dir='ltr'>potestate,</span> 
     </span>
     <span class='ocr_line' id='line_1_17' title="bbox 270 2431 1312 2533; baseline 0 -21"><span class='ocrx_word' id='word_1_124' title='bbox 270 2459 357 2513; x_wconf 85' lang='lat' dir='ltr'>curn</span> <span class='ocrx_word' id='word_1_125' title='bbox 378 2435 453 2511; x_wconf 82' lang='lat' dir='ltr'>lraec</span> <span class='ocrx_word' id='word_1_126' title='bbox 481 2433 628 2510; x_wconf 82' lang='lat' dir='ltr'>velimus</span> <span class='ocrx_word' id='word_1_127' title='bbox 661 2431 817 2511; x_wconf 80' lang='lat' dir='ltr'>discere,</span> <span class='ocrx_word' id='word_1_128' title='bbox 839 2456 905 2511; x_wconf 89' lang='lat' dir='ltr'>nec</span> <span class='ocrx_word' id='word_1_129' title='bbox 934 2435 1165 2533; x_wconf 86' lang='lat' dir='ltr'>cupiditatem</span> <span class='ocrx_word' id='word_1_130' title='bbox 1191 2437 1312 2512; x_wconf 65' lang='lat' dir='ltr'>conti·</span> 
     </span>
     <span class='ocr_line' id='line_1_18' title="bbox 271 2533 1311 2633; baseline 0 -21"><span class='ocrx_word' id='word_1_131' title='bbox 271 2557 365 2612; x_wconf 84' lang='lat' dir='ltr'>nere·</span> <span class='ocrx_word' id='word_1_132' title='bbox 396 2534 445 2611; x_wconf 83' lang='lat' dir='ltr'>Ex</span> <span class='ocrx_word' id='word_1_133' title='bbox 462 2533 513 2609; x_wconf 89' lang='lat' dir='ltr'>his</span> <span class='ocrx_word' id='word_1_134' title='bbox 527 2551 645 2611; x_wconf 89' lang='lat' dir='ltr'>autem</span> <span class='ocrx_word' id='word_1_135' title='bbox 657 2556 770 2611; x_wconf 89' lang='lat' dir='ltr'>unum</span> <span class='ocrx_word' id='word_1_136' title='bbox 787 2535 934 2631; x_wconf 89' lang='lat' dir='ltr'>quidem</span> <span class='ocrx_word' id='word_1_137' title='bbox 956 2534 1024 2616; x_wconf 74' lang='lat' dir='ltr'>est,</span> <span class='ocrx_word' id='word_1_138' title='bbox 1043 2557 1106 2633; x_wconf 92' lang='lat' dir='ltr'>per</span> <span class='ocrx_word' id='word_1_139' title='bbox 1118 2533 1218 2633; x_wconf 89' lang='lat' dir='ltr'>quod</span> <span class='ocrx_word' id='word_1_140' title='bbox 1233 2555 1311 2612; x_wconf 83' lang='lat' dir='ltr'>norr</span> 
     </span>
     <span class='ocr_line' id='line_1_19' title="bbox 270 2630 1353 2734; baseline 0.001 -22"><span class='ocrx_word' id='word_1_141' title='bbox 270 2636 362 2713; x_wconf 74' lang='lat' dir='ltr'>rede</span> <span class='ocrx_word' id='word_1_142' title='bbox 382 2633 722 2731; x_wconf 88' lang='lat' dir='ltr'>judicant,alterum</span> <span class='ocrx_word' id='word_1_143' title='bbox 745 2657 855 2715; x_wconf 76' lang='lat' dir='ltr'>vero,</span> <span class='ocrx_word' id='word_1_144' title='bbox 878 2656 940 2730; x_wconf 90' lang='lat' dir='ltr'>per</span> <span class='ocrx_word' id='word_1_145' title='bbox 955 2639 1055 2734; x_wconf 89' lang='lat' dir='ltr'>quod</span> <span class='ocrx_word' id='word_1_146' title='bbox 1077 2630 1313 2733; x_wconf 81' lang='lat' dir='ltr'>nonpoffune</span> <span class='ocrx_word' id='word_1_147' title='bbox 1348 2672 1353 2680; x_wconf 52' lang='lat'>¹</span> 
     </span>
     <span class='ocr_line' id='line_1_20' title="bbox 271 2731 1315 2835; baseline -0.003 -22"><span class='ocrx_word' id='word_1_148' title='bbox 271 2741 421 2834; x_wconf 61' lang='lat' dir='ltr'>exequi,</span> <span class='ocrx_word' id='word_1_149' title='bbox 443 2759 524 2835; x_wconf 84' lang='lat' dir='ltr'>quae</span> <span class='ocrx_word' id='word_1_150' title='bbox 541 2734 630 2810; x_wconf 71' lang='lat' dir='ltr'>rede</span> <span class='ocrx_word' id='word_1_151' title='bbox 649 2734 730 2811; x_wconf 87' lang='lat' dir='ltr'>lunt</span> <span class='ocrx_word' id='word_1_152' title='bbox 741 2736 946 2831; x_wconf 83' lang='lat' dir='ltr'>judicata.··</span> <span class='ocrx_word' id='word_1_153' title='bbox 973 2731 1242 2833; x_wconf 87' lang='lat' dir='ltr'>Consequenter</span> <span class='ocrx_word' id='word_1_154' title='bbox 1257 2758 1315 2810; x_wconf 82' lang='lat' dir='ltr'>er·</span> 
     </span>
     <span class='ocr_line' id='line_1_21' title="bbox 269 2831 1314 2935; baseline 0.001 -23"><span class='ocrx_word' id='word_1_155' title='bbox 269 2859 321 2935; x_wconf 86' lang='lat' dir='ltr'>go</span> <span class='ocrx_word' id='word_1_156' title='bbox 335 2837 413 2912; x_wconf 82' lang='lat' dir='ltr'>duae</span> <span class='ocrx_word' id='word_1_157' title='bbox 428 2858 576 2932; x_wconf 86' lang='lat' dir='ltr'>quoque</span> <span class='ocrx_word' id='word_1_158' title='bbox 593 2831 781 2927; x_wconf 83' lang='lat' dir='ltr'>disciplinae</span> <span class='ocrx_word' id='word_1_159' title='bbox 796 2836 985 2912; x_wconf 88' lang='lat' dir='ltr'>traduntur</span> <span class='ocrx_word' id='word_1_160' title='bbox 1001 2839 1144 2934; x_wconf 89' lang='lat' dir='ltr'>utrique</span> <span class='ocrx_word' id='word_1_161' title='bbox 1162 2852 1314 2934; x_wconf 84' lang='lat' dir='ltr'>peccato</span> 
     </span>
     <span class='ocr_line' id='line_1_22' title="bbox 271 2932 1468 3032; baseline -0.003 -18"><span class='ocrx_word' id='word_1_162' title='bbox 271 2936 373 3014; x_wconf 84' lang='lat' dir='ltr'>utiles</span> <span class='ocrx_word' id='word_1_163' title='bbox 390 2959 402 3015; x_wconf 81' lang='lat'>3</span> <span class='ocrx_word' id='word_1_164' title='bbox 422 2935 467 3010; x_wconf 90' lang='lat' dir='ltr'>illi</span> <span class='ocrx_word' id='word_1_165' title='bbox 490 2932 635 3029; x_wconf 87' lang='lat' dir='ltr'>quidem</span> <span class='ocrx_word' id='word_1_166' title='bbox 654 2937 844 3032; x_wconf 88' lang='lat' dir='ltr'>cognitio,</span> <span class='ocrx_word' id='word_1_167' title='bbox 866 2938 902 3008; x_wconf 83' lang='lat' dir='ltr'>de</span> <span class='ocrx_word' id='word_1_168' title='bbox 924 2956 972 3011; x_wconf 86' lang='lat' dir='ltr'>ex</span> <span class='ocrx_word' id='word_1_169' title='bbox 994 2933 1240 3032; x_wconf 84' lang='lat' dir='ltr'>scripturarum</span> <span class='ocrx_word' id='word_1_170' title='bbox 1262 2952 1318 3011; x_wconf 90' lang='lat' dir='ltr'>te·</span> <span class='ocrx_word' id='word_1_171' title='bbox 1431 2991 1437 3005; x_wconf 88' lang='lat'><strong>.</strong></span> <span class='ocrx_word' id='word_1_172' title='bbox 1462 2994 1468 3011; x_wconf 91' lang='lat'>.</span> 
     </span>
     <span class='ocr_line' id='line_1_23' title="bbox 268 3032 1483 3128; baseline 0.001 -17"><span class='ocrx_word' id='word_1_173' title='bbox 268 3035 439 3111; x_wconf 85' lang='lat' dir='ltr'>stimouio</span> <span class='ocrx_word' id='word_1_174' title='bbox 463 3033 606 3108; x_wconf 86' lang='lat' dir='ltr'>evidens</span> <span class='ocrx_word' id='word_1_175' title='bbox 627 3032 881 3108; x_wconf 86' lang='lat' dir='ltr'>demonstratio</span> <span class='ocrx_word' id='word_1_176' title='bbox 896 3057 906 3120; x_wconf 90' lang='grc'>;</span> <span class='ocrx_word' id='word_1_177' title='bbox 924 3033 1008 3110; x_wconf 91' lang='lat' dir='ltr'>huic</span> <span class='ocrx_word' id='word_1_178' title='bbox 1032 3057 1144 3114; x_wconf 75' lang='lat' dir='ltr'>sero,</span> <span class='ocrx_word' id='word_1_179' title='bbox 1163 3057 1245 3128; x_wconf 87' lang='lat' dir='ltr'>quae</span> <span class='ocrx_word' id='word_1_180' title='bbox 1265 3035 1316 3112; x_wconf 79' lang='lat' dir='ltr'>est</span> <span class='ocrx_word' id='word_1_181' title='bbox 1453 3037 1483 3070; x_wconf 81' lang='grc'>”</span> 
     </span>
     <span class='ocr_line' id='line_1_24' title="bbox 270 3129 1319 3227; baseline 0 -18"><span class='ocrx_word' id='word_1_182' title='bbox 270 3153 316 3210; x_wconf 82' lang='lat' dir='ltr'>ex</span> <span class='ocrx_word' id='word_1_183' title='bbox 339 3136 449 3208; x_wconf 87' lang='lat' dir='ltr'>verbo</span> <span class='ocrx_word' id='word_1_184' title='bbox 480 3133 712 3212; x_wconf 85' lang='lat' dir='ltr'>exercitatio,</span> <span class='ocrx_word' id='word_1_185' title='bbox 741 3154 819 3227; x_wconf 83' lang='lat' dir='ltr'>quae</span> <span class='ocrx_word' id='word_1_186' title='bbox 840 3155 859 3204; x_wconf 82' lang='lat' dir='ltr'>a</span> <span class='ocrx_word' id='word_1_187' title='bbox 882 3129 981 3218; x_wconf 87' lang='lat' dir='ltr'>lide,</span> <span class='ocrx_word' id='word_1_188' title='bbox 1011 3133 1047 3207; x_wconf 83' lang='lat' dir='ltr'>dr</span> <span class='ocrx_word' id='word_1_189' title='bbox 1077 3136 1208 3208; x_wconf 85' lang='lat' dir='ltr'>timore</span> <span class='ocrx_word' id='word_1_190' title='bbox 1238 3149 1319 3209; x_wconf 80' lang='lat' dir='ltr'>ten·</span> 
     </span>
     <span class='ocr_line' id='line_1_25' title="bbox 269 3227 1317 3328; baseline 0.001 -21"><span class='ocrx_word' id='word_1_191' title='bbox 269 3256 378 3328; x_wconf 88' lang='lat' dir='ltr'>quam</span> <span class='ocrx_word' id='word_1_192' title='bbox 401 3231 607 3326; x_wconf 83' lang='lat' dir='ltr'>paedagogis</span> <span class='ocrx_word' id='word_1_193' title='bbox 631 3232 783 3306; x_wconf 82' lang='lat' dir='ltr'>ducitur·</span> <span class='ocrx_word' id='word_1_194' title='bbox 809 3227 982 3308; x_wconf 82' lang='lat' dir='ltr'>Crescunt</span> <span class='ocrx_word' id='word_1_195' title='bbox 1011 3246 1131 3310; x_wconf 84' lang='lat' dir='ltr'>autem</span> <span class='ocrx_word' id='word_1_196' title='bbox 1153 3236 1262 3309; x_wconf 84' lang='lat' dir='ltr'>ambo</span> <span class='ocrx_word' id='word_1_197' title='bbox 1279 3237 1317 3308; x_wconf 84' lang='lat' dir='ltr'>in</span> 
     </span>
     <span class='ocr_line' id='line_1_26' title="bbox 268 3330 794 3431; baseline -0.019 -24"><span class='ocrx_word' id='word_1_198' title='bbox 268 3330 461 3431; x_wconf 78' lang='lat' dir='ltr'>perledlanr</span> <span class='ocrx_word' id='word_1_199' title='bbox 484 3330 690 3406; x_wconf 88' lang='lat' dir='ltr'>charitatem</span> <span class='ocrx_word' id='word_1_200' title='bbox 717 3384 742 3416; x_wconf 73' lang='lat'>‚2</span> <span class='ocrx_word' id='word_1_201' title='bbox 760 3375 794 3421; x_wconf 71' lang='lat' dir='ltr'>s.</span> 
     </span>
     <span class='ocr_line' id='line_1_27' title="bbox 322 3423 1321 3530; baseline -0.002 -23"><span class='ocrx_word' id='word_1_202' title='bbox 322 3429 412 3508; x_wconf 88' lang='lat' dir='ltr'>Item</span> <span class='ocrx_word' id='word_1_203' title='bbox 426 3453 472 3507; x_wconf 81' lang='lat' dir='ltr'>ex</span> <span class='ocrx_word' id='word_1_204' title='bbox 489 3431 523 3506; x_wconf 85' lang='lat' dir='ltr'>S·</span> <span class='ocrx_word' id='word_1_205' title='bbox 541 3428 645 3528; x_wconf 85' lang='lat' dir='ltr'>Joan.</span> <span class='ocrx_word' id='word_1_206' title='bbox 658 3429 941 3529; x_wconf 78' lang='lat' dir='ltr'>chrysostomo,</span> <span class='ocrx_word' id='word_1_207' title='bbox 955 3423 1070 3508; x_wconf 88' lang='lat' dir='ltr'>Hom.</span> <span class='ocrx_word' id='word_1_208' title='bbox 1094 3447 1150 3521; x_wconf 80' lang='lat'>¹3·</span> <span class='ocrx_word' id='word_1_209' title='bbox 1178 3432 1216 3505; x_wconf 89' lang='lat' dir='ltr'>in</span> <span class='ocrx_word' id='word_1_210' title='bbox 1237 3453 1321 3530; x_wconf 73' lang='lat' dir='ltr'>cap.</span> 
     </span>
     <span class='ocr_line' id='line_1_28' title="bbox 270 3527 1318 3649; baseline -0.001 -40"><span class='ocrx_word' id='word_1_211' title='bbox 270 3546 307 3628; x_wconf 83' lang='lat'>7.</span> <span class='ocrx_word' id='word_1_212' title='bbox 326 3530 429 3649; x_wconf 85' lang='lat' dir='ltr'>Epist·</span> <span class='ocrx_word' id='word_1_213' title='bbox 442 3549 473 3606; x_wconf 80' lang='lat' dir='ltr'>a.</span> <span class='ocrx_word' id='word_1_214' title='bbox 488 3531 532 3607; x_wconf 90' lang='lat' dir='ltr'>ad</span> <span class='ocrx_word' id='word_1_215' title='bbox 547 3530 712 3609; x_wconf 82' lang='lat' dir='ltr'>Corinth.</span> <span class='ocrx_word' id='word_1_216' title='bbox 734 3584 757 3622; x_wconf 84' lang='lat'>‚‚</span> <span class='ocrx_word' id='word_1_217' title='bbox 769 3585 790 3620; x_wconf 86' lang='lat'>,‚</span> <span class='ocrx_word' id='word_1_218' title='bbox 810 3527 921 3626; x_wconf 86' lang='lat' dir='ltr'>Vulgi</span> <span class='ocrx_word' id='word_1_219' title='bbox 936 3576 947 3609; x_wconf 83' lang='lat'>‚</span> <span class='ocrx_word' id='word_1_220' title='bbox 962 3534 1096 3625; x_wconf 75' lang='lat' dir='ltr'>inquit,</span> <span class='ocrx_word' id='word_1_221' title='bbox 1129 3531 1318 3627; x_wconf 75' lang='lat' dir='ltr'>opiniones</span> 
     </span>
     <span class='ocr_line' id='line_1_29' title="bbox 270 3628 1321 3728; baseline 0.003 -19"><span class='ocrx_word' id='word_1_222' title='bbox 270 3657 319 3709; x_wconf 88' lang='lat' dir='ltr'>ne</span> <span class='ocrx_word' id='word_1_223' title='bbox 335 3631 645 3717; x_wconf 78' lang='lat' dir='ltr'>circumferamur,</span> <span class='ocrx_word' id='word_1_224' title='bbox 660 3628 716 3707; x_wconf 90' lang='lat' dir='ltr'>sed</span> <span class='ocrx_word' id='word_1_225' title='bbox 732 3628 788 3706; x_wconf 87' lang='lat' dir='ltr'>vel</span> <span class='ocrx_word' id='word_1_226' title='bbox 806 3630 893 3725; x_wconf 82' lang='lat' dir='ltr'>ipsas</span> <span class='ocrx_word' id='word_1_227' title='bbox 905 3629 1161 3728; x_wconf 82' lang='lat' dir='ltr'>expendamus.</span> <span class='ocrx_word' id='word_1_228' title='bbox 1177 3632 1321 3712; x_wconf 81' lang='lat' dir='ltr'>Annon</span> 
     </span>
     <span class='ocr_line' id='line_1_30' title="bbox 273 3729 1321 3829; baseline 0.005 -23"><span class='ocrx_word' id='word_1_229' title='bbox 273 3737 369 3807; x_wconf 88' lang='lat' dir='ltr'>enim</span> <span class='ocrx_word' id='word_1_230' title='bbox 383 3730 613 3816; x_wconf 67' lang='lat' dir='ltr'>‚absurdum</span> <span class='ocrx_word' id='word_1_231' title='bbox 631 3754 672 3807; x_wconf 91' lang='lat' dir='ltr'>ac</span> <span class='ocrx_word' id='word_1_232' title='bbox 692 3729 948 3829; x_wconf 86' lang='lat' dir='ltr'>praeposterum</span> <span class='ocrx_word' id='word_1_233' title='bbox 966 3729 1071 3807; x_wconf 88' lang='lat' dir='ltr'>luerit</span> <span class='ocrx_word' id='word_1_234' title='bbox 1089 3784 1100 3816; x_wconf 63' lang='lat' dir='ltr'>a</span> <span class='ocrx_word' id='word_1_235' title='bbox 1124 3753 1192 3806; x_wconf 82' lang='lat' dir='ltr'>nor</span> <span class='ocrx_word' id='word_1_236' title='bbox 1208 3781 1218 3808; x_wconf 87' lang='lat'><strong>.</strong></span> <span class='ocrx_word' id='word_1_237' title='bbox 1235 3755 1321 3811; x_wconf 87' lang='lat' dir='ltr'>cum</span> 
     </span>
     <span class='ocr_line' id='line_1_31' title="bbox 231 3829 1322 3930; baseline 0.004 -24"><span class='ocrx_word' id='word_1_238' title='bbox 231 3848 237 3861; x_wconf 90' lang='lat'><em>·</em></span> <span class='ocrx_word' id='word_1_239' title='bbox 269 3831 315 3907; x_wconf 88' lang='lat' dir='ltr'>de</span> <span class='ocrx_word' id='word_1_240' title='bbox 337 3833 495 3930; x_wconf 84' lang='lat' dir='ltr'>pecuniis</span> <span class='ocrx_word' id='word_1_241' title='bbox 516 3834 651 3927; x_wconf 85' lang='lat' dir='ltr'>agitur,</span> <span class='ocrx_word' id='word_1_242' title='bbox 679 3831 750 3906; x_wconf 86' lang='lat' dir='ltr'>aliis</span> <span class='ocrx_word' id='word_1_243' title='bbox 768 3829 876 3905; x_wconf 84' lang='lat' dir='ltr'>iidem</span> <span class='ocrx_word' id='word_1_244' title='bbox 897 3852 973 3905; x_wconf 88' lang='lat' dir='ltr'>non</span> <span class='ocrx_word' id='word_1_245' title='bbox 1000 3829 1148 3916; x_wconf 87' lang='lat' dir='ltr'>habere,</span> <span class='ocrx_word' id='word_1_246' title='bbox 1171 3829 1227 3908; x_wconf 86' lang='lat' dir='ltr'>led</span> <span class='ocrx_word' id='word_1_247' title='bbox 1252 3855 1322 3910; x_wconf 91' lang='lat' dir='ltr'>nu·</span> 
     </span>
     <span class='ocr_line' id='line_1_32' title="bbox 270 3928 1321 4023; baseline 0.003 -17"><span class='ocrx_word' id='word_1_248' title='bbox 270 3953 394 4015; x_wconf 88' lang='lat' dir='ltr'>mero,</span> <span class='ocrx_word' id='word_1_249' title='bbox 416 3932 449 4004; x_wconf 77' lang='lat' dir='ltr'>dt</span> <span class='ocrx_word' id='word_1_250' title='bbox 473 3930 612 4006; x_wconf 80' lang='lat' dir='ltr'>calculo</span> <span class='ocrx_word' id='word_1_251' title='bbox 634 3928 670 4005; x_wconf 91' lang='lat' dir='ltr'>id</span> <span class='ocrx_word' id='word_1_252' title='bbox 690 3932 939 4023; x_wconf 86' lang='lat' dir='ltr'>committere;</span> <span class='ocrx_word' id='word_1_253' title='bbox 958 3953 1043 4006; x_wconf 88' lang='lat' dir='ltr'>cum</span> <span class='ocrx_word' id='word_1_254' title='bbox 1060 3947 1179 4007; x_wconf 89' lang='lat' dir='ltr'>autem</span> <span class='ocrx_word' id='word_1_255' title='bbox 1203 3931 1248 4007; x_wconf 89' lang='lat' dir='ltr'>de</span> <span class='ocrx_word' id='word_1_256' title='bbox 1266 3955 1321 4010; x_wconf 90' lang='lat' dir='ltr'>re·</span> 
     </span>
     <span class='ocr_line' id='line_1_33' title="bbox 271 4029 1319 4127; baseline 0.004 -21"><span class='ocrx_word' id='word_1_257' title='bbox 271 4031 338 4108; x_wconf 82' lang='lat' dir='ltr'>bus</span> <span class='ocrx_word' id='word_1_258' title='bbox 359 4029 589 4122; x_wconf 83' lang='lat' dir='ltr'>judicandum</span> <span class='ocrx_word' id='word_1_259' title='bbox 619 4029 691 4112; x_wconf 86' lang='lat' dir='ltr'>est,</span> <span class='ocrx_word' id='word_1_260' title='bbox 717 4032 752 4104; x_wconf 92' lang='lat' dir='ltr'>in</span> <span class='ocrx_word' id='word_1_261' title='bbox 773 4031 926 4107; x_wconf 87' lang='lat' dir='ltr'>aliorum</span> <span class='ocrx_word' id='word_1_262' title='bbox 947 4032 1138 4127; x_wconf 86' lang='lat' dir='ltr'>opiniones</span> <span class='ocrx_word' id='word_1_263' title='bbox 1162 4044 1319 4112; x_wconf 79' lang='lat' dir='ltr'>temere.</span> 
     </span>
     <span class='ocr_line' id='line_1_34' title="bbox 269 4126 1319 4225; baseline 0.006 -21"><span class='ocrx_word' id='word_1_264' title='bbox 269 4152 312 4205; x_wconf 87' lang='lat' dir='ltr'>ac</span> <span class='ocrx_word' id='word_1_265' title='bbox 337 4129 434 4205; x_wconf 83' lang='lat' dir='ltr'>velut</span> <span class='ocrx_word' id='word_1_266' title='bbox 463 4129 613 4203; x_wconf 88' lang='lat' dir='ltr'>obtorto</span> <span class='ocrx_word' id='word_1_267' title='bbox 636 4126 734 4204; x_wconf 93' lang='lat' dir='ltr'>collo</span> <span class='ocrx_word' id='word_1_268' title='bbox 758 4128 848 4204; x_wconf 87' lang='lat' dir='ltr'>tt&#39;ahi</span> <span class='ocrx_word' id='word_1_269' title='bbox 874 4147 887 4216; x_wconf 79' lang='lat'>3</span> <span class='ocrx_word' id='word_1_270' title='bbox 916 4127 1027 4225; x_wconf 89' lang='lat' dir='ltr'>idque</span> <span class='ocrx_word' id='word_1_271' title='bbox 1052 4152 1137 4205; x_wconf 91' lang='lat' dir='ltr'>cum</span> <span class='ocrx_word' id='word_1_272' title='bbox 1159 4131 1319 4210; x_wconf 75' lang='lat' dir='ltr'>eraclam</span> 
     </span>
     <span class='ocr_line' id='line_1_35' title="bbox 269 4215 1322 4312; baseline 0.009 -13"><span class='ocrx_word' id='word_1_273' title='bbox 269 4248 390 4302; x_wconf 90' lang='lat' dir='ltr'>rerum</span> <span class='ocrx_word' id='word_1_274' title='bbox 403 4227 566 4303; x_wconf 88' lang='lat' dir='ltr'>omnium</span> <span class='ocrx_word' id='word_1_275' title='bbox 585 4228 744 4308; x_wconf 78' lang='lat' dir='ltr'>lancem,</span> <span class='ocrx_word' id='word_1_276' title='bbox 761 4250 803 4304; x_wconf 90' lang='lat' dir='ltr'>ac</span> <span class='ocrx_word' id='word_1_277' title='bbox 817 4250 1006 4312; x_wconf 79' lang='lat' dir='ltr'>normam,</span> <span class='ocrx_word' id='word_1_278' title='bbox 1024 4230 1061 4304; x_wconf 70' lang='grc' dir='ltr'><strong>ἃ</strong></span> <span class='ocrx_word' id='word_1_279' title='bbox 1079 4215 1237 4306; x_wconf 80' lang='lat' dir='ltr'>amuffim</span> <span class='ocrx_word' id='word_1_280' title='bbox 1255 4231 1322 4309; x_wconf 78' lang='lat' dir='ltr'>ha·-</span> 
     </span>
     <span class='ocr_line' id='line_1_36' title="bbox 269 4324 1267 4426; baseline 0.003 -24"><span class='ocrx_word' id='word_1_281' title='bbox 269 4324 436 4412; x_wconf 83' lang='lat' dir='ltr'>beamus,</span> <span class='ocrx_word' id='word_1_282' title='bbox 459 4350 587 4426; x_wconf 90' lang='lat' dir='ltr'>nempe</span> <span class='ocrx_word' id='word_1_283' title='bbox 605 4325 801 4404; x_wconf 82' lang='lat' dir='ltr'>divinarum</span> <span class='ocrx_word' id='word_1_284' title='bbox 815 4326 938 4424; x_wconf 85' lang='lat' dir='ltr'>legum</span> <span class='ocrx_word' id='word_1_285' title='bbox 952 4327 1160 4405; x_wconf 75' lang='lat' dir='ltr'>sententiam</span> <span class='ocrx_word' id='word_1_286' title='bbox 1180 4372 1205 4415; x_wconf 66' lang='lat'>‚2</span> <span class='ocrx_word' id='word_1_287' title='bbox 1218 4329 1267 4422; x_wconf 82' lang='lat' dir='ltr'>„l</span> 
     </span>
     <span class='ocr_line' id='line_1_37' title="bbox 317 4421 1573 4527; baseline 0.006 -29"><span class='ocrx_word' id='word_1_288' title='bbox 317 4421 407 4499; x_wconf 88' lang='lat' dir='ltr'>Item</span> <span class='ocrx_word' id='word_1_289' title='bbox 421 4449 467 4500; x_wconf 86' lang='lat' dir='ltr'>ex</span> <span class='ocrx_word' id='word_1_290' title='bbox 481 4432 512 4496; x_wconf 81' lang='lat' dir='ltr'>S.</span> <span class='ocrx_word' id='word_1_291' title='bbox 525 4423 722 4519; x_wconf 65' lang='lat' dir='ltr'>Augustino,</span> <span class='ocrx_word' id='word_1_292' title='bbox 739 4427 798 4503; x_wconf 78' lang='lat' dir='ltr'>lib.</span> <span class='ocrx_word' id='word_1_293' title='bbox 809 4446 843 4502; x_wconf 78' lang='lat'>2.</span> <span class='ocrx_word' id='word_1_294' title='bbox 872 4430 930 4517; x_wconf 63' lang='grc' dir='ltr'>ὓς</span> <span class='ocrx_word' id='word_1_295' title='bbox 940 4425 1105 4500; x_wconf 69' lang='grc' dir='ltr'><em>ὓοθνὶη</em></span> <span class='ocrx_word' id='word_1_296' title='bbox 1116 4424 1314 4520; x_wconf 70' lang='lat' dir='ltr'>confluere,</span> <span class='ocrx_word' id='word_1_297' title='bbox 1334 4433 1519 4527; x_wconf 63' lang='lat' dir='ltr'>Maroneam¹</span> <span class='ocrx_word' id='word_1_298' title='bbox 1566 4455 1573 4462; x_wconf 73' lang='grc'><strong>“</strong></span> 
     </span>
     <span class='ocr_line' id='line_1_38' title="bbox 270 4515 1467 4654; baseline 0.005 -51"><span class='ocrx_word' id='word_1_299' title='bbox 270 4545 346 4619; x_wconf 82' lang='lat' dir='ltr'>cap·</span> <span class='ocrx_word' id='word_1_300' title='bbox 368 4539 405 4614; x_wconf 85' lang='lat'>9.</span> <span class='ocrx_word' id='word_1_301' title='bbox 444 4527 504 4601; x_wconf 88' lang='lat' dir='ltr'>ubi</span> <span class='ocrx_word' id='word_1_302' title='bbox 530 4524 705 4602; x_wconf 81' lang='lat' dir='ltr'>recensitis</span> <span class='ocrx_word' id='word_1_303' title='bbox 733 4525 922 4623; x_wconf 73' lang='lat' dir='ltr'>Scriptum</span> <span class='ocrx_word' id='word_1_304' title='bbox 948 4525 1050 4604; x_wconf 75' lang='lat' dir='ltr'>sacrat</span> <span class='ocrx_word' id='word_1_305' title='bbox 1079 4526 1204 4607; x_wconf 70' lang='lat' dir='ltr'>libris,</span> <span class='ocrx_word' id='word_1_306' title='bbox 1233 4533 1282 4608; x_wconf 83' lang='lat' dir='ltr'>ait</span> <span class='ocrx_word' id='word_1_307' title='bbox 1299 4552 1311 4613; x_wconf 82' lang='lat' dir='ltr'>r</span> <span class='ocrx_word' id='word_1_308' title='bbox 1329 4515 1405 4654; x_wconf 59' lang='lat'>§²¹¹3</span> <span class='ocrx_word' id='word_1_309' title='bbox 1427 4537 1467 4609; x_wconf 74' lang='lat'>⁸¹.</span> 
     </span>
     <span class='ocr_line' id='line_1_39' title="bbox 270 4610 1484 4733; baseline 0.003 -30"><span class='ocrx_word' id='word_1_310' title='bbox 270 4653 293 4710; x_wconf 70' lang='lat' dir='ltr'>,a</span> <span class='ocrx_word' id='word_1_311' title='bbox 309 4673 330 4707; x_wconf 79' lang='lat'>‚‚</span> <span class='ocrx_word' id='word_1_312' title='bbox 361 4621 400 4697; x_wconf 94' lang='lat' dir='ltr'>ln</span> <span class='ocrx_word' id='word_1_313' title='bbox 424 4623 477 4699; x_wconf 89' lang='lat' dir='ltr'>his</span> <span class='ocrx_word' id='word_1_314' title='bbox 501 4628 667 4703; x_wconf 83' lang='lat' dir='ltr'>omnibus</span> <span class='ocrx_word' id='word_1_315' title='bbox 691 4625 784 4703; x_wconf 85' lang='lat' dir='ltr'>libris</span> <span class='ocrx_word' id='word_1_316' title='bbox 813 4631 978 4718; x_wconf 84' lang='lat' dir='ltr'>timentes</span> <span class='ocrx_word' id='word_1_317' title='bbox 999 4624 1149 4715; x_wconf 88' lang='lat' dir='ltr'>Deum,</span> <span class='ocrx_word' id='word_1_318' title='bbox 1176 4629 1214 4706; x_wconf 82' lang='lat' dir='ltr'>dc</span> <span class='ocrx_word' id='word_1_319' title='bbox 1241 4634 1311 4726; x_wconf 78' lang='lat' dir='ltr'>pie·</span> <span class='ocrx_word' id='word_1_320' title='bbox 1326 4610 1484 4733; x_wconf 44' lang='lat'>&amp;²2¹⁸</span> 
     </span>
     <span class='ocr_line' id='line_1_40' title="bbox 267 4722 1454 4844; baseline 0.005 -40"><span class='ocrx_word' id='word_1_321' title='bbox 267 4740 341 4804; x_wconf 85' lang='lat' dir='ltr'>tate</span> <span class='ocrx_word' id='word_1_322' title='bbox 359 4724 728 4828; x_wconf 73' lang='lat' dir='ltr'>northernnuaerunt</span> <span class='ocrx_word' id='word_1_323' title='bbox 740 4726 964 4810; x_wconf 78' lang='lat' dir='ltr'>voluntatem</span> <span class='ocrx_word' id='word_1_324' title='bbox 983 4722 1068 4819; x_wconf 75' lang='lat' dir='ltr'>Dei,</span> <span class='ocrx_word' id='word_1_325' title='bbox 1094 4724 1313 4844; x_wconf 70' lang='lat' dir='ltr'>Cujusope·</span> <span class='ocrx_word' id='word_1_326' title='bbox 1325 4746 1454 4822; x_wconf 67' lang='lat' dir='ltr'>maa,</span> 
     </span>
     <span class='ocr_line' id='line_1_41' title="bbox 313 4850 1258 4926; baseline -0.002 -16"><span class='ocrx_word' id='word_1_327' title='bbox 313 4850 319 4861; x_wconf 86' lang='lat'>&#39;</span> <span class='ocrx_word' id='word_1_328' title='bbox 1191 4851 1258 4926; x_wconf 74' lang='grc' dir='ltr'>ηε.</span> 
     </span>
    </p>
   </div>
   <div class='ocr_carea' id='block_1_3' title="bbox 0 0 1854 5425">
    <p class='ocr_par' dir='ltr' id='par_1_3' title="bbox 0 0 1854 5425">
     <span class='ocr_line' id='line_1_42' title="bbox 0 0 1854 5425; baseline 0 1"><span class='ocrx_word' id='word_1_329' title='bbox 0 0 1854 5425; x_wconf 95' lang='lat' dir='ltr'> </span> 
     </span>
    </p>
   </div>
  </div>
 </body>
</html>
