3700 5425
259 450 294 469 ”
419 601 429 619 ,
475 496 561 601 m
665 494 821 625 meat
854 496 1032 613 popa
1059 497 1209 594 morat.
1235 500 1338 599 aar
1359 503 1419 602 11.

295 714 298 721 .
332 654 337 672 '
375 646 380 652 ’
478 672 529 751 „t
548 664 634 752 Edit·
657 670 777 747 eximii
799 668 1009 768 Theologi,
1031 692 1072 750 aa
1090 672 1135 751 dc
1153 673 1347 768 quastione
1365 679 1481 772 rogari
1505 704 1527 761 a

473 769 1003 967 ιιζ,ὶῑίιινῚιὲῚΛιιῑπῐρίοιιίῑιιιιι
1033 768 1213 872 Episcopo
1239 773 1296 853 die
1324 791 1383 869 19.
1404 774 1527 875 Martii

527 895 576 951 no
616 915 618 920 ·
689 918 701 943 ·

771 1057 1234 1154 accuratio

382 1314 386 1325 1
479 1217 756 1319 Matrimonium
774 1218 997 1310 contradam
1018 1219 1140 1301 coiam
1163 1222 1344 1321 parocho,
1369 1229 1427 1313 cui
1451 1226 1529 1316 Ot-

316 1362 321 1369 ·
527 1323 681 1400 dinariur
704 1318 906 1421 prohibuit,
924 1344 968 1397 ne
979 1319 1071 1398 iilius
1084 1322 1310 1401 celebrationi
1325 1328 1525 1417 interesset.

274 1428 295 1513 ’,
405 1488 449 1495 ..
526 1420 687 1501 auttalea
707 1420 945 1500 Matrimonio
966 1421 1222 1522 conjungeret,
1240 1444 1378 1514 ratum,
1397 1451 1439 1504 ac
1463 1454 1524 1506 aa·

332 1518 337 1529 '
367 1586 372 1595 .
419 1582 424 1589 .
526 1520 641 1600 lidum
657 1520 728 1605 est,
746 1522 907 1621 quamvis
928 1521 1084 1627 grauiter
1105 1528 1303 1622 peccaverit
1318 1526 1525 1632 parochor.

526 1643 571 1702 ac
591 1619 794 1721 pledendut
822 1619 877 1706 dtr

475 1780 597 1947 Suo
613 1783 709 1857 enirn
730 1779 829 1877 jure,
848 1801 924 1857 non
941 1800 988 1855 ex
1010 1775 1175 1861 facultate
1198 1777 1259 1858 ubi
1279 1781 1323 1873 ab
1346 1778 1524 1884 Episcopo

560 1882 662 1957 data,
693 1879 871 1974 parochus
892 1881 1107 1957 matrimonii
1132 1880 1381 1969 celebrationi,
1398 1900 1439 1962 ut
1455 1883 1526 1965 Ec.

474 1981 586 2061 clesrae
608 1980 762 2059 minister
781 1975 940 2055 intereffe
957 1978 1095 2073 potest.
1118 1997 1158 2058 ut
1178 1996 1275 2078 patet
1297 2005 1343 2059 ex
1360 1981 1524 2067 Decreta

470 2079 594 2163 Cone.
605 2078 766 2160 Trident.
797 2083 844 2157 dt
861 2077 944 2156 iicet
960 2082 1121 2171 parocho
1140 2079 1362 2174 prohibuerit
1379 2083 1524 2180 Epiico·

473 2205 559 2287 pua,
578 2203 623 2256 na
642 2182 909 2258 matrimonium
922 2178 1137 2263 celebraret.
1158 2179 1181 2256 ir
1213 2196 1332 2258 tanreu
1362 2182 1520 2274 interiit.

471 2283 743 2361 matrimonium
755 2301 879 2357 coram
894 2277 1054 2376 parocho
1066 2276 1281 2358 celebratur.
1297 2300 1405 2375 prout
1418 2282 1523 2364 Con.

472 2382 595 2471 ciiiurn
626 2379 817 2462 dement,
844 2381 1008 2475 adeoque
1032 2395 1170 2464 ratum,
1188 2403 1231 2457 ac
1261 2381 1416 2459 validum
1445 2385 1520 2475 est.

471 2478 736 2561 modunulium
747 2477 1485 2576 aliudobsrtcanonrcumimpedimentum.

510 2579 779 2672 attererem„
805 2574 957 2656 Eccleiia
968 2581 1004 2655 iu
1017 2576 1182 2674 himque
1194 2581 1237 2655 ad
1251 2582 1518 2668 matrimonium

471 2682 679 2782 pertinent,
713 2678 895 2776 tripliciter
923 2678 957 2755 se
979 2676 1107 2769 habet;
1133 2680 1153 2773 (
1166 2681 1277 2775 inquit
1302 2685 1335 2757 S.
1355 2680 1519 2773 Thamar,

469 2781 602 2875 Quat
623 2799 656 2869 ς.
687 2800 720 2874 q.
733 2789 771 2866 3,
795 2796 864 2859 arr.
887 2800 918 2853 ι.
939 2781 983 2850 ad
1014 2773 1074 2864 ι.)
1109 2775 1196 2864 Uno
1224 2779 1369 2883 quidem
1400 2783 1518 2862 modo

469 2903 534 2978 per
553 2881 706 2958 modum
726 2876 933 2972 iudicantist
950 2880 1019 2957 alio
1041 2879 1155 2956 modo
1174 2901 1236 2976 per
1256 2881 1409 2958 modum
1429 2906 1522 2983 pro.

468 2978 643 3067 bibentis,
666 2976 719 3054 vel
742 2980 939 3077 punientia;
962 2975 1089 3063 &hoc
1107 2978 1252 3078 quidem
1274 2980 1519 3076 impedit-ma·

468 3082 681 3168 trimonium
701 3077 1009 3161 contrahendum,
1026 3077 1083 3158 sed
1102 3103 1176 3164 non
1190 3078 1323 3164 dirimit
1337 3082 1409 3175 jam
1425 3104 1519 3163 con·

466 3181 643 3261 traitum:
683 3179 790 3257 tertio
824 3179 939 3257 modo
974 3176 1008 3256 se
1038 3178 1145 3256 habet
1198 3203 1236 3257 er
1274 3180 1426 3257 modurn
1453 3181 1521 3262 stt·

465 3284 616 3359 tuentis.
631 3278 732 3380 quod
748 3275 789 3356 iit
806 3278 920 3370 ioium
939 3278 1147 3367 audioritate
1163 3201 1287 3357 hmmi
1306 3276 1515 3374 iiontificirt

466 3380 506 3468 dr
536 3378 731 3457 secundum
757 3377 830 3453 hoc
854 3376 1010 3473 persona
1029 3377 1154 3475 aliquae
1186 3379 1383 3457 redduntur
1402 3381 1517 3482 illegi-

464 3483 562 3556 timae
585 3477 630 3563 ad
661 3474 975 3562 contrahendum.
998 3480 1045 3556 ita
1067 3474 1169 3576 quod
1192 3474 1216 3552 fi
1243 3479 1348 3557 etiam
1369 3493 1515 3560 contra·

464 3576 584 3667 hant,
607 3578 877 3660 matrimonium
896 3577 1072 3661 dirimitur
1091 3630 1159 3668 „„.
1188 3574 1342 3674 Potestas
1367 3599 1514 3669 autent.

464 3702 537 3775 qua
552 3675 759 3755 Ordinariua
772 3673 941 3771 prohibet
961 3670 1144 3769 parocho,
1159 3699 1204 3752 ne
1222 3675 1305 3754 tales
1327 3682 1523 3778 matrinea..

463 3781 528 3867 uio
548 3778 802 3870 conjungeret,
817 3773 862 3850 ad
874 3771 1069 3853 secundum
1079 3773 1228 3854 modum
1239 3776 1408 3868 refertut3
1424 3802 1513 3877 pro-

461 3876 590 3966 hibitio
615 3881 733 3970 itaque
752 3874 932 3958 Ordinarii
965 3877 1232 3956 matrimonium
1259 3876 1511 3970 celebrandum

441 3975 612 4072 impedit
631 4018 643 4053 2
665 3973 723 4059 fed
744 3971 994 4054 contradam,
1013 3974 1050 4050 δι
1085 3972 1301 4053 celebratum
1327 3999 1404 4054 non
1427 3979 1512 4056 diri·

460 4080 552 4154 mit,
577 4073 603 4159 ii
634 4072 697 4151 aiia
730 4071 982 4170 impedimenta
1006 4096 1084 4151 non
1112 4092 1247 4160 extent.
1285 4072 1393 4162 Unde
1425 4099 1512 4168 cum
1555 4161 1560 4173 ,

460 4173 669 4262 Giennenirs
703 4172 895 4270 episcopua
923 4170 969 4250 ad
994 4172 1030 4252 S.
1052 4172 1383 4287 Congregationem
1405 4174 1510 4260 Trid.
1552 4259 1560 4276 ι

458 4276 577 4368 Cone.
599 4279 689 4350 inter
718 4290 829 4350 retem
846 4271 996 4356 dubium
1015 4296 1055 4349 ea
1076 4271 1122 4352 de
1138 4295 1177 4348 re
1196 4276 1297 4352 luam
1317 4275 1510 4360 retuttffet.

457 4400 503 4462 an
514 4375 641 4458 [cilicet
652 4296 806 4452 vahdum
821 4373 860 4450 fit
872 4375 1137 4451 matrimonium
1149 4371 1308 4452 adhibito
1323 4376 1512 4476 parocho,
1546 4467 1560 4482 1

456 4480 516 4559 cui
538 4480 583 4557 ab
606 4471 785 4576 Episcopo
809 4473 924 4585 iuerat
952 4472 1205 4576 interdiiittoa‘a
1229 4496 1282 4560 ue
1306 4475 1358 4568 iiii
1391 4475 1512 4578 marri,

1328 4583 1462 4678 mouip
