3700 5425
551 572 650 672 -252
742 556 897 666 Theoi.
912 548 1028 674 Dog.
1049 565 1091 653 δι
1112 559 1262 653 iiim-ai.
1278 561 1372 652 Lib.
1396 559 1457 652 Π.

553 782 624 833 ,,,,,
654 734 689 811 st
710 738 853 810 vivente
877 737 1005 810 marito
1029 733 1164 810 dederit
1187 740 1218 810 ei
1243 733 1350 810 fidem
1365 787 1373 810 ‚
1391 731 1528 829 quodsr
1554 757 1629 812 ma*

545 870 549 879 ·
568 840 655 911 ritus
674 858 965 927 praemoreretur,
985 857 1061 909 eam
1076 834 1223 910 duceret
1236 861 1246 926 ;
1261 835 1316 908 vel
1335 834 1356 906 u
1375 835 1460 907 aiter
1479 838 1514 909 in
1530 859 1629 910 mor-

569 949 642 1010 tem
664 935 776 1009 mariti
794 956 877 1010 cum
898 931 1023 1017 effectu
1043 935 1261 1010 machinatus
1282 934 1348 1024 est3
1371 934 1422 1008 vel
1442 931 1463 1007 fl
1484 936 1627 1030 pubiit‘e

569 1056 648 1108 eant
680 1037 785 1110 duxit
811 1089 833 1124 „
854 1088 890 1123 „.
942 1030 1057 1123 Quod
1089 1032 1304 1110 confirmant
1332 1030 1496 1108 canones
1525 1035 1627 1130 supra

425 1180 430 1193 ,
467 1217 470 1224 ,
511 1184 514 1188 -
571 1135 697 1217 citati,
721 1154 768 1207 ex
792 1153 829 1224 4·
852 1126 1097 1209 Decretalium
1127 1137 1179 1208 tit.
1216 1140 1268 1205 De
1299 1155 1360 1214 eo,
1380 1137 1438 1226 qui
1466 1151 1559 1215 nrrxn
1591 1140 1627 1202 r'n

566 1236 846 1326 matrimomum,
868 1253 964 1326 quam
993 1234 1108 1323 possunt
1139 1254 1198 1326 per
1242 1235 1448 1303 adulterium.
1493 1228 1626 1309 Rursus

573 1328 694 1407 Glossa
707 1332 867 1413 Cononis
893 1322 1036 1405 Nessus,
1054 1335 1120 1407 ait:
1138 1387 1159 1423 „
1172 1389 1193 1426 „
1217 1330 1306 1413 Haec
1325 1334 1427 1406 verba
1446 1330 1548 1406 latius
1565 1358 1626 1425 pa·

573 1446 679 1515 tent,
700 1456 806 1529 quam
830 1453 955 1505 eorum
989 1430 1153 1507 sententia
1174 1453 1185 1522 ;
1209 1433 1351 1507 deberet
1379 1437 1471 1505 eriim
1501 1437 1621 1525 potrus

374 1534 377 1543 “
471 1559 478 1566 ·
573 1531 683 1605 dicie
706 1530 898 1615 converso,
924 1530 1079 1616 scilicet,
1103 1527 1251 1624 quisibet
1273 1532 1399 1615 diicat,
1425 1530 1485 1604 nist
1505 1540 1540 1604 in
1559 1539 1623 1605 tri-

573 1629 641 1704 bus
673 1629 805 1705 casibus
837 1643 974 1705 tanturn
1014 1635 1184 1728 exceptis.
1223 1627 1495 1723 Restringuntur
1524 1634 1621 1706 enim

574 1727 653 1805 haec
672 1733 777 1805 verba
800 1730 843 1804 ad
868 1729 959 1805 duos
977 1728 1092 1813 caius,
1114 1733 1168 1805 vei
1193 1748 1262 1806 tres
1285 1744 1422 1804 tantum
1444 1774 1512 1821 „„.
1540 1729 1622 1804 No-

514 1846 517 1852 ’
573 1830 678 1904 sitam
698 1830 855 1926 regulam
874 1827 1006 1904 disertis
1027 1832 1138 1905 verbis
1164 1830 1454 1925 confirmat-cap.
1483 1825 1619 1920 otgnrfit

571 1926 674 2014 cassi,
698 1930 798 2027 quod
830 1929 879 2003 est
908 1932 1093 1999 Innocentis
1118 1933 1187 2002 Ill.
1215 1927 1445 2024 responsum,
1480 1934 1532 2007 tit.
1564 1933 1619 2000 De

572 2050 632 2113 eo,
657 2050 712 2120 qur
736 2029 833 2098 duxit
853 2031 888 2099 in
906 2033 1172 2110 matrimonium,
1196 2050 1290 2124 qnam
1309 2029 1425 2122 possuit
1443 2049 1503 2121 per
1526 2031 1619 2099 artui·-

571 2132 702 2201 ten'um.
1060 2138 1064 2147 '

474 2232 476 2237 '
621 2225 690 2302 Sed
717 2226 753 2301 ἃ
779 2230 811 2296 a·
827 2221 964 2320 Augus.
989 2227 1145 2324 expresse
1170 2225 1304 2312 ducet,
1329 2225 1491 2303 contrahi
1518 2226 1616 2324 posse

562 2340 696 2405 nerum
720 2328 942 2403 connubium
968 2351 1051 2404 cuno
1071 2353 1131 2415 ea,
1150 2348 1229 2425 quae
1251 2331 1359 2424 priori
1383 2330 1540 2422 conjuge
1565 2334 1616 2402 vi-

526 2426 534 2437 '
570 2439 679 2502 vente
703 2426 877 2502 adulterio
900 2426 1036 2525 polluta
1056 2428 1113 2503 est.
1145 2426 1222 2504 Lib.
1247 2450 1276 2501 1.
1302 2431 1357 2497 De
1380 2431 1548 2517 Nuptiis,
1572 2430 1616 2498 (n

569 2524 852 2614 Concupiscentia,
870 2549 899 2602 c.
917 2544 974 2606 ιο.
997 2583 1018 2618 ‚‚
1046 2526 1198 2602 Mortuo
1222 2525 1382 2620 (inquit)
1409 2529 1506 2611 viro,
1528 2548 1613 2604 cum

566 2647 680 2725 „quo
705 2649 828 2728 verum
861 2630 1084 2702 connubium
1109 2627 1198 2702 suit,
1221 2626 1291 2700 fieri
1319 2648 1441 2702 verum
1474 2649 1615 2702 connu-

565 2730 701 2817 „bium
736 2719 872 2823 potest,
898 2738 1085 2825 cumque
1110 2733 1205 2825 ptius
1240 2726 1450 2802 adulterium
1482 2734 1546 2801 tuit
1575 2773 1613 2817 ,‚.

563 2820 611 2902 Et
631 2826 689 2902 libr
719 2833 771 2897 De
790 2830 880 2896 Bono
895 2826 1084 2919 conjugati,
1101 2851 1178 2920 cap.
1195 2844 1248 2920 ¹4.
1269 2882 1290 2917 „
1322 2824 1421 2901 Posse
1440 2825 1516 2900 iane
1536 2824 1612 2916 fieti

563 2928 741 3023 „nuptias
766 2950 811 3001 ex
838 2927 929 3002 maie
950 2927 1174 3019 conjuntiis,
1204 2926 1354 3001 honesto
1387 2926 1504 3022 prostea
1538 2932 1611 3021 pla.

602 3028 675 3102 cito
696 3025 957 3122 consequente,
976 3026 1196 3103 manifestum
1211 3026 1259 3101 est
1274 3081 1310 3117 „,
1339 3024 1502 3101 Resertur
1519 3024 1609 3108 Can,

600 3132 740 3220 cuique,
767 3125 864 3201 caul'a
890 3148 919 3198 1.
945 3151 993 3223 qu
1024 3143 1054 3198 10

611 3221 1610 3323 mmmmdffimumwdffistsph

432 3361 449 3410 0·
557 3338 621 3401 att·
640 3345 674 3405 4·
705 3324 822 3420 quaest.
843 3342 875 3416 3.
903 3325 947 3402 ad
980 3347 1014 3399 2·
1046 3381 1101 3416 „„
1128 3326 1302 3419 Quamvis
1336 3322 1503 3415 (inquit)
1531 3338 1608 3401 nori

555 3422 663 3595 fosite
692 3422 894 3520 dispensari,
923 3428 1022 3521 quod
1052 3426 1175 3519 attquis
1199 3426 1306 3498 ducat
1326 3430 1360 3496 in
1387 3447 1538 3499 uxorem
1565 3429 1607 3500 iia

570 3546 649 3609 am,
670 3546 752 3597 curn
774 3545 842 3618 qua
865 3528 1061 3600 committit
1082 3525 1313 3606 adulterium,
1337 3523 1477 3597 vivente
1499 3528 1605 3614 virot

555 3629 674 3697 tamen
688 3623 806 3718 aliquo
830 3623 906 3700 casu
926 3629 1160 3719 contingente
1174 3623 1289 3717 potest
1301 3646 1375 3695 earn
1390 3626 1424 3696 in
1450 3645 1603 3699 uxorem

555 3718 826 3817 ducetea'osque
839 3722 1111 3819 dispensatione,
1131 3723 1260 3797 scilicet
1276 3721 1353 3816 post
1375 3740 1528 3798 mortem
1552 3727 1605 3795 vi-

555 3822 605 3909 ti3
626 3824 705 3917 quin
736 3822 946 3897 aduiterium
972 3817 1229 3917 primumo'on
1256 3823 1389 3897 dirimit
1415 3824 1602 3898 matrimo-

554 3921 656 3996 nium
683 3923 928 4025 contraitum,
947 3919 1006 3998 nisn
1026 3923 1061 3995 in
1096 3921 1217 4019 aliquo
1240 3921 1317 3997 casu
1344 3959 1380 4011 „t
1470 4002 1473 4005 ,

705 4100 1217 4195 ¹isTlCULUS
1271 4098 1426 4183 VIII.

851 4264 906 4331 De
933 4261 1050 4331 Cultus
1069 4259 1290 4354 Disperitnte.

349 4406 491 4494 conjugia
546 4401 573 4494 Ῑ,
614 4412 616 4416 ’
678 4406 994 4510 oningiafidesiurn
1028 4440 1112 4493 cum
1138 4418 1605 4515 infidelibusidsanaturaess

344 4488 531 4635 {issfflfldn
689 4518 886 4616 &positiva
897 4514 969 4598 Dei
986 4519 1063 4646 iege
1074 4519 1193 4600 illicita
1210 4518 1276 4600 esse
1289 4540 1436 4606 certum,
1447 4524 1519 4597 est,
1538 4525 1598 4599 ubi

275 4717 324 4793 ι
347 4735 372 4768 a
1450 4620 1542 4718 peri·
