3700 5425
902 342 1262 476 lNDEX'J¹

425 547 625 630 noponnos.
654 542 821 626 Polyganiia
838 563 856 606 a
876 542 1054 606 matrimonii
1074 557 1175 606 natura
1193 539 1288 605 aliena
1305 541 1374 606 est·
1502 577 1505 584 ·
1561 591 1567 608 ..
1610 539 1653 608 ibt

426 627 588 706 l’toposttio
607 627 647 690 ll.
679 620 838 688 Accusandi
857 638 918 680 non
941 617 1007 680 sunt
1037 619 1121 698 prisci
1148 619 1266 694 Patres,
1289 620 1340 698 qui
1363 611 1470 682 vtttrss
1497 607 1593 696 begis
1613 631 1653 682 tei

485 723 536 765 otc
575 703 651 767 sures
685 718 792 762 uxorea
822 698 979 758 tinxerunt.
1645 720 1653 760 i

424 781 450 839 ll
483 779 519 842 t.
571 779 606 844 ll.
643 777 689 840 De
712 772 966 837 lndiffolubilitate
988 771 1175 832 matrimonii.
1645 791 1653 844 i

426 855 586 932 Propositio
606 855 629 918 l.
666 852 801 929 Coniugii
823 847 977 910 vinculum
997 848 1077 908 nulla
1102 867 1132 908 re
1154 843 1206 908 nisi
1230 857 1324 907 morte
1350 841 1481 908 solvitur.
1551 841 1557 850 '
1613 841 1653 908 ibi

430 929 590 1066 Propositkio
610 929 648 992 IL
692 931 740 992 Nc
778 925 913 988 adulterii
939 924 1057 1002 quidem
1093 923 1177 986 causa
1209 923 1339 1003 conjugii
1370 919 1525 986 vinculum
1562 921 1653 986 disses

492 1013 573 1067 otcl.
1647 1020 1653 1054 i

430 1029 589 1161 stilpositio
606 1079 659 1146 ΙΙΙ.
697 1079 923 1142 Matrimonium
943 1091 1057 1153 ratum,
1075 1095 1137 1138 non
1154 1072 1411 1150 consummatum,
1432 1073 1597 1140 monastica
1616 1073 1653 1142 Pr

324 1173 327 1178 '
474 1157 595 1221 sessione
618 1157 790 1220 dissolvitur.
1590 1177 1592 1182 ·
1645 1166 1653 1214 s

431 1235 555 1304 Articuli
581 1233 785 1304 consectaria,
808 1232 857 1293 scu
877 1230 997 1309 Regula
1038 1231 1130 1293 raxim
1148 1225 1320 1306 spectantes.
1645 1242 1653 1290 s

432 1311 549 1403 Regula
568 1309 591 1372 l.
621 1309 767 1384 Coniuges
786 1309 862 1370 fatto
895 1309 934 1369 ob
960 1251 1134 1369 adulterium
1162 1303 1326 1368 alterutrius
1349 1303 1500 1392 munnio,
1517 1306 1653 1368 continu

470 1405 544 1450 tiam
561 1385 673 1448 servare
700 1399 861 1458 tenentur,
886 1400 937 1446 aut
955 1386 1128 1462 conjugibus
1152 1382 1290 1445 adulteris
1308 1380 1501 1442 reconciliari.
1605 1381 1653 1444 ibi

375 1491 380 1501 ·
430 1463 546 1600 nglls
567 1462 607 1600 nd
630 1463 712 1598 lNec
733 1462 859 1527 tiliorum
888 1463 1102 1540 gignendorum
1131 1457 1215 1520 causa
1234 1457 1303 1522 licet
1326 1456 1447 1519 alteram
1471 1457 1610 1534 ducere,
1640 1457 1653 1520 d

472 1561 512 1601 mr
537 1559 587 1601 aa
609 1555 710 1600 utera.
1646 1551 1653 1609 ¹,

419 1615 547 1694 -lsegusa
566 1615 619 1678 Ill.
653 1619 771 1676 Crimen
797 1615 952 1691 geminat,
976 1617 1024 1694 qui
1048 1631 1172 1676 uxorem
1196 1608 1355 1672 adulteram
1374 1609 1500 1684 occidit,
1522 1609 1576 1671 vel
1600 1631 1653 1674 nio

471 1709 533 1754 tem
555 1691 599 1752 illi
622 1705 780 1768 procurat,
811 1703 844 1752 ut
868 1691 974 1754 ducere
999 1691 1118 1751 alteram
1145 1687 1237 1763 pollis.
1644 1703 1653 1766 ⁶,

430 1765 546 1846 Regula
567 1767 616 1829 lV.
649 1768 713 1827 Nec
737 1783 808 1824 voto
828 1767 950 1843 simplici
977 1767 1164 1830 continentiae
1184 1809 1193 1836 ,
1213 1783 1267 1824 nec
1287 1762 1406 1824 Ordinis
1430 1759 1500 1824 sacri
1519 1761 1653 1843 suseepti

472 1864 533 1918 ne,
555 1861 611 1904 nec
630 1841 804 1919 professione
831 1844 977 1920 religionis
996 1865 1013 1906 a
1036 1843 1111 1905 Sede
1136 1840 1292 1918 apostolica
1317 1859 1376 1906 non
1400 1839 1596 1916 approbatae,
1624 1863 1653 1904 ns

469 1921 532 1980 vita
551 1917 705 1980 Eremitica
725 1920 945 1982 matrimonium
977 1940 1037 1982 non
1061 1915 1292 1983 consummatum
1312 1914 1441 1980 solvitur.
1644 1937 1653 1997 ¹,

423 1995 460 2062 'R
530 1994 600 2056 als.
634 1995 725 2056 Novis
743 1996 915 2074 conjugibus
934 2013 1001 2061 ante
1020 1996 1195 2059 matrimonii
1214 1990 1493 2053 consummationem
1512 1991 1577 2054 duo
1593 2014 1653 2056 mei

412 2075 415 2081 '
484 2091 514 2132 es
537 2071 740 2134 conceduntur
764 2073 802 2133 ad
834 2073 1055 2136 deliberandum
1085 2075 1122 2134 de
1149 2068 1271 2146 ingressu
1300 2069 1467 2146 religionis,
1494 2069 1653 2150 intraque

470 2149 612 2226 temporis
645 2148 834 2210 intervallum
864 2153 922 2222 iis,
948 2153 1048 2229 quiea
1073 2149 1110 2210 de
1140 2167 1170 2208 tc
1195 2144 1358 2220 deliberat,
1379 2143 1592 2218 consummare
1617 2167 1653 2210 nt

470 2239 606 2296 tenetur,
627 2225 760 2301 quamvis
783 2227 872 2288 astera
895 2246 960 2302 pars
985 2239 1093 2302 urgeat.
1640 2241 1653 2302 ¹2

431 2297 546 2378 Regula
567 2300 617 2362 Vl.
652 2303 683 2361 Si
705 2320 863 2380 coniugum
884 2303 1009 2364 alterum
1043 2316 1109 2361 ante
1131 2298 1307 2360 matrimonii
1329 2293 1616 2362 consummationem
1638 2305 1653 2363 i*

468 2376 552 2454 gredi
579 2377 802 2450 monasterium,
829 2377 1022 2456 habitumque
1048 2375 1210 2452 religiosum
1237 2373 1376 2452 suscipere
1398 2375 1581 2452 contingat,
1605 2377 1653 2441 alti

467 2471 584 2513 novum
601 2452 820 2514 matrimonium
846 2455 1018 2516 contrahere
1045 2472 1106 2515 nun
1122 2453 1238 2530 potest,
1259 2451 1312 2512 nisi
1331 2447 1394 2530 post
1418 2451 1496 2513 iltius
1522 2453 1653 2530 professi

475 2546 556 2592 nem.
1645 2549 1653 2609 ς

429 2603 545 2681 Regula
567 2599 630 2667 Vll.
658 2600 689 2663 Si
715 2601 819 2664 mulier
847 2601 977 2682 suscepto
1000 2605 1088 2680 velo,
1106 2604 1137 2667 in
1163 2605 1251 2667 domo
1270 2607 1384 2684 proptia
1403 2621 1555 2666 remanere
1580 2605 1653 2670 vetii

469 2679 546 2758 quasi
579 2678 760 2760 propositum
792 2681 926 2743 castitatis
955 2683 986 2743 in
1014 2683 1110 2746 seculo
1130 2681 1300 2757 s'crvatuia3
1324 2681 1515 2743 nihilominus
1538 2683 1653 2747 consun

345 2790 349 2795 ·
417 2814 423 2829 f
467 2757 610 2821 mendum
629 2758 669 2819 est
681 2759 898 2820 matrimonium
912 2765 969 2831 jani
988 2765 1186 2833 contractuum
1205 2759 1254 2820 nisi
1274 2760 1302 2820 se
1323 2774 1391 2819 voto
1406 2759 1528 2821 solemni
1555 2760 1653 2824 adsitis

468 2836 546 2916 aierit
564 2836 602 2895 ad
623 2833 834 2897 observantiam
854 2836 1035 2912 regularem,
1055 2838 1085 2897 in
1106 2857 1164 2914 quo
1187 2835 1254 2907 casu
1271 2836 1409 2913 compelli
1432 2834 1544 2915 potest,
1574 2856 1610 2899 ut
1639 2862 1653 2901 r

466 2908 537 2971 lic'lo
559 2910 655 2972 seculo
682 2909 831 2983 religionis
853 2911 1032 2990 propositum
1060 2931 1229 2990 exequatur.
1602 2915 1653 2977 ibi

429 2982 545 3062 Regula
567 2986 644 3051 vlll.
683 2986 890 3048 Consummato
919 2992 1127 3062 inatrimonio,
1149 2990 1244 3050 neutri
1275 2992 1431 3067 conjugum
1456 2987 1547 3063 licet,
1567 2990 1653 3071 absqt

467 3065 587 3125 asterius
605 3060 765 3134 consensu,
781 3064 983 3126 monasterium
996 3067 1105 3142 ingredi
1118 3110 1127 3139 ,
1142 3065 1188 3126 seu
1208 3068 1417 3128 continentiam
1442 3084 1572 3140 vovere;
1594 3090 1653 3146 quc

465 3138 490 3201 si
525 3142 662 3212 voverit,
688 3140 798 3226 irritum
821 3138 882 3216 ipso
909 3147 969 3209 iure
991 3158 1092 3203 votum
1123 3143 1195 3213 css,
1226 3144 1375 3219 potestque
1408 3147 1516 3217 conjux
1540 3164 1653 3221 repctci

466 3217 643 3291 coniugem,
666 3235 714 3293 qui
738 3216 915 3277 matrimonii
934 3220 1033 3294 jugum
1058 3218 1223 3279 inconsulto
1248 3238 1385 3282 excutere
1406 3220 1509 3283 voluit.
1545 3220 1578 3283 Si
1604 3242 1653 3287 vei

467 3310 505 3353 eir
527 3291 665 3353 consensu
685 3293 838 3365 voverint,
855 3296 1067 3355 continentiam
1086 3294 1195 3356 servare
1208 3311 1352 3357 tenentur.
1597 3299 1653 3361 ibii

429 3365 551 3445 Regula
570 3368 625 3430 IX.
660 3367 699 3429 X.
722 3370 749 3427 dt
770 3367 825 3430 Xs.
1642 3396 1653 3455 7

426 3442 540 3520 Regula
560 3444 630 3509 Xsl.
666 3445 696 3503 Si
721 3445 880 3520 conjugum
902 3444 974 3505 alter
1000 3467 1016 3507 a
1039 3447 1109 3509 Fide
1134 3447 1277 3509 catholica
1307 3447 1473 3522 defecerit,
1495 3469 1586 3527 paru,
1611 3474 1653 3529 qu

464 3519 575 3582 infide
598 3519 792 3598 perseveravit
810 3564 819 3592 ‚
838 3522 874 3581 ad
896 3524 960 3582 vitae
987 3526 1148 3586 monastice
1170 3524 1374 3601 professionem
1396 3526 1487 3589 libere
1507 3532 1653 3596 convolat

463 3596 578 3673 potest,
602 3596 691 3657 altera
715 3594 855 3670 nolente,
877 3596 985 3659 etiamst
1007 3599 1042 3661 ab
1063 3600 1234 3661 infidelitate
1259 3618 1429 3665 revertatur.
1640 3628 1653 3688 p

426 3668 542 3749 Regula
560 3670 645 3758 ¹Xlls.
679 3670 816 3744 Coniux,
836 3692 899 3749 qum
918 3678 1131 3737 continentiam
1154 3678 1257 3751 vovit,
1279 3678 1445 3739 cohabitare
1469 3678 1563 3742 debet
1582 3686 1653 3749 viro

464 3751 513 3836 qui
544 3766 607 3822 eius
638 3764 708 3836 voto
734 3748 770 3836 ad
800 3764 913 3825 tempus
933 3752 1094 3825 consensit,
1117 3771 1172 3814 nec
1202 3770 1370 3831 perpetuam
1396 3756 1480 3817 vovit
1509 3760 1653 3825 continet

462 3837 558 3898 tiam;
578 3822 663 3957 selue
685 3841 813 3884 invicem
833 3827 943 3886 dehent
961 3829 1084 3892 maritali
1112 3827 1265 3891 affectione
1291 3836 1420 3894 tractare.
1593 3840 1653 3903 ibii

420 3894 536 3990 Regula
555 3898 600 3961 Xl
631 3949 637 3962 .
673 3897 802 3993 Mulier,
823 3922 885 3987 qua
905 3906 1039 3967 maritum
1064 3922 1209 3966 mortuum
1229 3909 1371 3979 credens,
1396 3909 1530 3977 habitum
1553 3913 1653 3995 religit

458 3995 509 4051 nis,
528 3973 691 4053 assumpsit,
714 3980 742 4036 dt
783 3980 966 4063 rosessioiicm
991 3982 1106 4052 emisit,
1131 3984 1192 4042 iiio
1215 4005 1251 4045 uc
1280 3986 1393 4046 reverso
1426 3988 1463 4051 dc
1491 3992 1653 4067 monasteri

460 4054 587 4187 ‘lilla'
607 4058 635 4115 a
657 4050 708 4130 ipsi
726 3994 853 4115 ieslituta
873 4055 932 4128 est,
953 4056 1085 4121 debitunt
1103 4057 1146 4118 illi
1165 4004 1285 4123 relderc
1304 4076 1444 4140 tenetur,
1467 4065 1587 4145 erigere
1611 4088 1653 4131 no

513 4148 529 4189 e
555 4174 562 4190 ὑ
1596 4148 1602 4160 .
1631 4150 1653 4161 .,

413 4146 529 4295 Regula
550 4202 618 4266 XV.
647 4204 734 4292 *nster
752 4211 931 4286 conjugum,
955 4208 1045 4271 altero
1070 4213 1100 4271 in
1132 4209 1229 4274 secuso
1249 4228 1440 4295 tentassente,
1468 4218 1506 4283 td
1527 4147 1653 4301 regillblb

400 4344 404 4353 ,
458 4294 524 4347 tite
541 4280 749 4363 professionem
767 4304 829 4352 non
850 4286 891 4350 cst
908 4288 1122 4366 recipiendus,
1150 4288 1205 4362 dc,
1634 4316 1653 4377 l

899 4366 942 4451 se

214 4442 378 4586 ΧἿ
751 4534 754 4539 ¹
899 4482 932 4525 ,Ἰ
1215 4430 1217 4435 Ι
1309 4520 1312 4525 ,
1427 4538 1439 4547 Η
1473 4530 1478 4547 ,Ι
1512 4538 1543 4549 ΙΙ
1577 4449 1641 4517 Kh'

917 4644 971 4689 “aa
