3700 5425
564 611 648 711 480
757 588 913 690 mut
934 591 1049 708 nog.
1071 588 1280 692 antara.
1298 548 1391 690 nn.
1404 597 1482 700 111.
1546 724 1550 731 ,

544 849 553 865 ,
617 773 786 866 Quarto,
810 782 959 864 peccant
993 770 1029 844 in
1056 767 1227 865 Spiritum
1251 768 1427 851 santium,
1452 775 1513 872 qui
1537 767 1606 856 fra·

564 884 673 947 ternae
698 871 816 965 gratie
838 868 1021 952 invident,
1041 867 1236 967 dolentque
1262 876 1413 965 graviter
1432 875 1476 955 de
1492 875 1607 968 splen·

450 1034 455 1043 .
564 970 677 1056 dore,
707 968 761 1043 vei
780 982 976 1064 augmento
1004 970 1197 1053 virtutum,
1219 964 1471 1070 danorumque
1504 971 1574 1052 Dei
1588 984 1608 1064 ,¹

566 1071 695 1164 quibus
716 1069 900 1166 proximus
922 1066 1131 1159 conspicuus
1151 1066 1211 1145 ost.
1239 1060 1341 1143 Tales
1365 1090 1462 1147 erant
1483 1073 1604 1152 bonai·

567 1190 630 1242 nes
653 1168 699 1242 iili
729 1190 774 1242 ex
797 1162 926 1263 Judaeis
952 1165 993 1238 ad
1019 1164 1238 1240 christianam
1266 1169 1472 1265 religionem
1505 1177 1603 1271 tipo.

567 1266 740 1342 stolorum
774 1262 1023 1361 praedicatione
1063 1262 1253 1341 converit,
1302 1272 1362 1362 qui
1401 1271 1601 1351 enitentem

441 1441 448 1456 ,
556 1358 748 1463 =Evangelii
767 1366 912 1461 gratiam
933 1364 1084 1439 omniuo
1104 1365 1269 1459 gentibus
1290 1366 1503 1446 invidebant·
1530 1367 1601 1451 Ta.

363 1459 389 1506 ²·
410 1439 489 1514 Tm·
504 1461 535 1517 4·
565 1465 607 1541 lis
628 1468 813 1535 Alexander
830 1461 1054 1536 tilenariis,
1070 1467 1130 1557 qui
1143 1462 1252 1539 multa
1267 1467 1353 1542 mala
1369 1466 1485 1545 intulit
1506 1472 1603 1566 Αρο·

565 1564 658 1641 stoio
677 1563 808 1645 Paulo,
830 1561 867 1636 dt
884 1560 1100 1638 sermonibus
1117 1563 1205 1638 iliius
1227 1563 1471 1645 vaidetestitit·
1496 1568 1601 1652 Hanc
1629 1592 1635 1599 ·

564 1662 715 1743 fraterne
730 1663 905 1738 charitatis
922 1660 1150 1736 invidentiam
1169 1681 1353 1757 peccatum
1366 1664 1432 1744 effe
1444 1669 1487 1743 ad
1504 1694 1602 1747 mor.
1620 1742 1624 1749 .

364 1775 390 1823 ¹·
411 1753 495 1829 J⁰²¹¹·
517 1768 544 1828 ⁵·
564 1779 659 1842 tem,
680 1764 723 1838 de
739 1783 814 1863 quo
829 1759 862 1837 S.
876 1757 1031 1858 Joannes
1044 1760 1112 1839 ait:
1135 1756 1189 1839 Ed
1200 1782 1365 1854 peccatum
1379 1774 1419 1834 aa
1440 1786 1599 1866 morrem3

562 1887 624 1933 non
650 1881 710 1956 pra
727 1928 729 1933 ,
745 1864 798 1931 iiio
835 1863 929 1943 dico,
956 1881 993 1928 ut
1022 1878 1112 1951 roger
1149 1862 1250 1954 quis}
1272 1858 1387 1941 censet
1413 1866 1445 1936 S.
1463 1869 1600 1958 Atigusi.

560 1963 622 2042 lib.
637 1980 668 2032 1.
684 1966 737 2033 De
751 1967 899 2031 Sermone
916 1959 1054 2032 Domini
1067 1960 1099 2028 t'tt
1120 1979 1244 2029 monte.
1264 1985 1340 2060 cap,
1354 1983 1413 2037 22.
1429 2022 1450 2058 „
1461 2023 1482 2058 „
1514 1964 1600 2049 pec.

563 2084 681 2139 catum
709 2056 819 2136 fratris
841 2059 885 2135 ad
914 2072 1068 2134 mortem
1091 2076 1181 2154 puto
1206 2054 1297 2137 eise,
1322 2065 1485 2159 (inquit)
1511 2089 1598 2146 cum

561 2162 642 2258 post
663 2163 880 2259 agnitionem
903 2157 973 2237 Dei
991 2160 1208 2254 pergratiam
1225 2157 1373 2236 Domini
1393 2165 1499 2241 nostri
1516 2166 1597 2265 Jesu

561 2262 690 2355 Cbtiiii
716 2258 862 2358 quisque
880 2275 1067 2357 oppugnat
1090 2258 1412 2344 fraternitatem&
1437 2266 1598 2346 adversor

492 2388 495 2395 ·
561 2356 670 2456 ipsam
689 2364 859 2455 gratiam,
879 2380 951 2451 qua
973 2352 1216 2433 reconciliatus
1248 2359 1297 2434 est
1316 2356 1418 2447 Deo,
1439 2367 1599 2443 inviden-

562 2464 619 2537 tiae
640 2459 774 2536 fatibus
792 2461 946 2553 agitatur
968 2509 1035 2546 „‚‚.
1066 2456 1251 2534 Peccatum
1274 2454 1476 2557 (inquam)
1505 2467 1597 2546 istud

561 2559 606 2636 ad
635 2577 789 2635 mortem
821 2557 899 2631 est»
925 2557 1025 2650 cujus
1051 2558 1100 2631 rei
1121 2558 1165 2630 ab
1196 2554 1351 2634 Ecciessae
1372 2564 1597 2643 'orationibus

561 2658 822 2742 excluduntur,
843 2656 864 2731 ii
887 2657 921 2731 in
945 2655 1011 2731 hac
1025 2653 1245 2751 petverfitate
1264 2654 1416 2737 finierint
1433 2660 1526 2741 banc
1544 2670 1599 2744 vi.

560 2774 655 2845 tam,
678 2779 716 2836 ut
736 2758 888 2851 explicat
910 2754 1003 2846 idem
1030 2756 1063 2830 S.
1080 2751 1220 2841 Dotior
1241 2756 1298 2833 iib.
1321 2779 1347 2832 t.
1374 2763 1596 2835 licentiato.

559 2884 634 2929 num
648 2915 658 2946 ,
674 2882 750 2958 cop.
767 2868 819 2948 ¹9·
842 2909 897 2946 „‚,
925 2848 1114 2931 Peccatum
1136 2873 1345 2933 autemnon
1369 2859 1413 2933 ad
1438 2880 1593 2943 mortem

555 2959 635 3040 est,
660 2958 682 3032 fi
709 2957 890 3054 quisquam
918 2977 992 3044 non
1015 2978 1174 3028 amorem
1201 2980 1218 3028 a
1246 2955 1348 3032 fratre
1372 2959 1594 3045 alienaverit.

436 3123 441 3134 .
554 3057 613 3134 sed
635 3052 750 3132 officia
769 3056 989 3131 fraternitatis
1009 3055 1123 3128 debita
1155 3076 1215 3147 per
1235 3052 1382 3144 aliquam
1412 3061 1595 3139 infirmita-

555 3175 628 3235 tem
648 3159 751 3232 animi
773 3178 850 3229 non
866 3155 1077 3232 exhibuerit.
1107 3155 1385 3253 Quapropter&
1409 3156 1592 3240 Dominus

555 3261 592 3334 in
613 3280 717 3332 cruce
734 3259 802 3329 ait:
827 3260 942 3327 Pater,
957 3253 1077 3344 ignosce
1090 3254 1152 3320 iius
1166 3301 1176 3332 ,
1192 3257 1266 3344 quia
1279 3252 1419 3334 nescitum
1431 3312 1440 3340 ,
1453 3260 1594 3354 quidfo-

555 3359 645 3427 ciunt
672 3381 683 3448 3
707 3354 973 3429 nondumenim
995 3355 1113 3448 gratia
1136 3353 1282 3443 Spiritus
1297 3353 1397 3432 sanni
1418 3363 1591 3460 particeps

450 3476 458 3493 ·
555 3456 633 3532 faeti
660 3456 857 3528 iocietatem
884 3451 1002 3527 i'antiae
1041 3452 1259 3527 fraternitatis
1288 3455 1445 3534 inierant·
1484 3456 1528 3536 Et
1552 3458 1587 3538 S.

557 3555 756 3651 Stephanus
779 3565 859 3625 orat
886 3576 953 3648 pru
972 3556 1018 3625 eis
1037 3576 1080 3633 ,a
1104 3553 1230 3642 quibus
1256 3552 1491 3652 lapidabatur,
1510 3566 1592 3655 quia

554 3658 719 3730 nondum
741 3651 881 3728 Christo
906 3651 1150 3724 crediderant,
1177 3674 1291 3745 neque
1312 3655 1472 3732 advertus
1495 3660 1591 3737 iiiam

551 3776 784 3828 communem
811 3753 955 3843 gratiam
977 3751 1199 3828 dimicabant.
1230 3750 1272 3825 bt
1294 3756 1480 3847 apostotus
1503 3756 1592 3835 Pau.

550 3851 605 3928 lus
632 3869 815 3946 propterea
831 3903 840 3932 ,
854 3851 963 3923 credo
981 3872 1076 3931 ‚non
1097 3869 1172 3923 orat
1186 3872 1251 3943 pro
1266 3852 1486 3938 Alexandro,
1505 3864 1590 3950 quia

546 3954 620 4043 jam
640 3951 741 4024 i'ruter
758 3963 850 4026 enat.
873 3952 907 4021 da
926 3948 968 4022 ad
985 3966 1160 4032 mortem,
1181 3952 1215 4021 id
1232 3952 1301 4035 eii,
1319 3956 1505 4028 invidentia
1519 3957 1589 4032 i'ta·

547 4054 747 4126 ternitatetn
768 4053 1015 4143 oppugnando
1030 4097 1040 4127 ‚
1057 4069 1272 4139 peccaverat·
1299 4044 1367 4125 Pro
1380 4053 1585 4145 bisautem,

546 4153 608 4248 qui
630 4172 702 4223 non
721 4148 931 4238 abruperant
957 4168 1136 4226 amorem,
1162 4144 1217 4219 sed
1239 4154 1368 4226 timore
1393 4152 1586 4232 succubue.

447 4311 453 4323 ,
543 4267 651 4324 mut,
680 4263 788 4328 orat,
815 4263 852 4318 ut
883 4251 930 4317 eis
959 4245 1157 4339 ignoi'catur
1184 4296 1259 4336 „,‚.
1512 4262 1515 4268 ·

592 4345 758 4436 Quinto,
783 4362 932 4439 peccant
950 4347 983 4417 in
1004 4343 1172 4439 Spiritum
1189 4344 1365 4429 laudium,
1390 4352 1452 4446 qui
1476 4352 1585 4428 obiit.

536 4465 635 4519 mato
660 4445 760 4536 piane
777 4445 895 4516 animo
921 4447 954 4514 in
983 4445 1135 4538 peccatis
1153 4444 1393 4538 perseverant,
1409 4473 1476 4544 nec
1500 4454 1578 4527 uiiis

532 4544 865 4629 admonitionibus,
895 4542 1133 4623 suaiionibus,
1155 4546 1487 4644 increpationibus,
1509 4570 1572 4627 aut

1437 4641 1509 4724 Dei
