3700 5425
468 541 566 668 ⁹408
654 538 808 649 Theol.
828 542 941 656 Dng.
965 536 1169 655 &liutai
1192 536 1284 646 Lib,
1299 530 1376 639 ΙΙΙ.
1401 547 1402 551 ‘

484 738 572 799 oum
595 713 687 803 effen
715 716 762 786 nc
789 738 814 790 c.
850 728 906 796 16.
933 710 1085 808 Quaelrvi
1108 710 1192 804 qnid
1221 706 1305 794 ellet
1334 711 1524 811 iniqnitas.

485 818 521 898 δι
547 839 620 891 non
649 818 765 891 inveni
784 813 1004 899 substantiam
1025 838 1035 904 3
1059 811 1115 889 sed
1136 832 1155 884 a
1178 809 1312 893 summa
1337 810 1522 898 substantia

394 910 399 924 '
483 928 521 991 te
545 913 627 992 Deo
660 915 810 991 detortae
837 918 872 989 in
909 912 1064 991 infimam
1099 907 1290 989 voluntarie
1322 923 1525 1011 perverlitm

483 1008 557 1101 ter'n
583 1062 658 1101 ,.‚‚.
687 1017 739 1093 Ac
761 1012 879 1111 pallam
900 1031 1026 1093 contra
1050 1010 1268 1099 ulan-renam
1289 1010 1418 1099 docet,
1442 1020 1524 1105 nul.

483 1113 552 1188 lam
578 1113 644 1201 elle
665 1114 744 1189 mali
765 1133 936 1199 naturam
963 1112 1056 1199 lstnd
1079 1111 1261 1194 catlrolicae
1276 1107 1370 1203 Fidei
1387 1114 1522 1209 dogma

482 1211 550 1309 elle
571 1220 602 1289 S.
617 1220 682 1284 Leo
703 1213 806 1290 tradit
830 1212 979 1308 Epistola
1002 1216 1081 1289 alias
1094 1228 1154 1303 93,
1177 1233 1273 1299 nunc
1287 1226 1341 1301 ις.
1367 1215 1409 1286 ad
1434 1218 1521 1286 lor.

424 1404 426 1409 Ι
452 1367 458 1391 ,
480 1311 601 1385 ribium
628 1311 878 1395 bilnricenlem
898 1311 1129 1412 Episcopum,
1151 1332 1181 1385 c·
1197 1321 1231 1393 ‚6-
1249 1356 1309 1394 m,
1339 1304 1438 1397 Fides
1460 1338 1520 1394 ve.

480 1435 539 1505 ra,
558 1436 635 1511 qoae
652 1412 700 1489 est
713 1413 906 1498 catholiea,
925 1416 1053 1507 inquit,
1073 1414 1237 1491 omnium
1253 1425 1516 1511 creaturarum,

479 1511 551 1601 five
571 1511 821 1609 spiritualium,
840 1511 909 1595 [ive
929 1511 1192 1607 corporalium.
1214 1511 1346 1598 bonaur
1366 1516 1516 1608 confite.

403 1612 408 1620 ’
477 1626 537 1689 tur
559 1611 808 1697 substantiam,
829 1615 866 1688 δι
886 1611 967 1688 mali
989 1612 1118 1688 nullam
1140 1606 1207 1683 elle
1233 1626 1412 1685 naturam:
1432 1622 1516 1709 qnia

474 1710 601 1815 Deus,
618 1714 677 1811 qui
703 1711 932 1810 uniuersitatis¹
952 1712 1000 1787 est
1027 1711 1216 1791 conditor,
1242 1707 1327 1781 nilnl
1353 1732 1427 1784 non
1448 1720 1515 1791 bo.

391 1820 394 1827 '
475 1834 563 1889 num
596 1811 678 1886 facit
712 1854 794 1897 ‚‚‚‚‚
830 1812 871 1889 ln
899 1810 972 1887 hoc
999 1815 1104 1917 igitur
1133 1822 1318 1905 peccatum
1342 1812 1513 1905 originale

475 1936 559 1989 cum
585 1912 684 2005 omni
707 1934 835 2009 genere
860 1930 1092 2009 peccatorum
1117 1914 1313 2005 couvenit,
1346 1914 1445 2003 qnod
1470 1914 1512 1994 lie

501 2014 635 2087 rivatio.
1522 2040 1525 2047 ’

472 2035 498 2111 p
523 2108 663 2187 Dicitur
676 2111 828 2199 &irratio
839 2108 976 2201 julliriae
996 2110 1187 2207 originalia.
1208 2129 1282 2204 quo
1299 2106 1404 2202 veltiti
1416 2134 1511 2192 cara.

471 2208 563 2285 nere
574 2209 722 2303 eliberta
739 2216 871 2299 caeteris
882 2218 1044 2313 petentis·
1074 2210 1153 2310 Erat
1167 2228 1286 2287 autem
1298 2211 1423 2307 justitia
1438 2221 1509 2293 ori-

470 2310 593 2404 ginalis
614 2313 784 2386 eximium
811 2312 994 2410 quoddam
1016 2312 1154 2389 donum
1179 2368 1189 2400 ,
1210 2312 1308 2404 quod
1331 2315 1504 2423 gratiam³

467 2408 682 2505 nantesque
703 2412 1003 2507 conrpletlebatnt
1032 2436 1178 2503 omnem
1203 2412 1239 2480 de
1259 2413 1358 2504 quod
1385 2417 1505 2505 primo

465 2506 604 2583 homini
624 2509 735 2584 statim
753 2512 789 2584 in
813 2510 880 2605 ipsa
904 2515 1041 2607 origine
1065 2537 1083 2586 a
1106 2510 1189 2588 Deo
1203 2508 1385 2593 totunm,
1404 2534 1505 2589 naen.

465 2623 540 2685 tem
561 2611 634 2702 ejus
656 2608 759 2693 Deo,
778 2613 865 2689 vires
895 2612 1074 2697 inl'eriotes
1094 2615 1218 2698 onimae
1237 2611 1393 2703 rationi,
1423 2635 1503 2712 cor.

463 2731 531 2804 pus
548 2714 671 2787 anirnae
692 2708 912 2806 subjiciebat,
934 2716 981 2788 ita
1000 2727 1040 2790 nt
1059 2718 1174 2798 anima
1196 2707 1298 2792 nullis
1318 2719 1502 2805 perturba·

279 2811 284 2822 ’
328 2822 336 2836 ·
461 2811 618 2890 tionibus
638 2812 915 2905 repugnantibus
942 2809 1026 2889 Deo
1050 2811 1243 2892 obediret,
1277 2809 1439 2907 nullaque
1461 2839 1498 2900 ιη

461 2911 629 2983 membris
652 2906 810 2985 adversus
835 2910 951 3007 legem
974 2915 1100 2993 mentis
1123 2910 1414 3008 concnpilcenuae
1439 2914 1498 3003 lere

460 3007 662 3105 inlurgeret·
688 3009 840 3094 [Duum
857 3007 965 3097 illud,
993 3012 1087 3089 velut
1104 3011 1245 3097 efi'eelns
1270 3010 1404 3098 enulim
1423 3067 1433 3097 ,
1449 3016 1497 3089 l'e·

458 3109 631 3206 qnebator
648 3106 892 3203 impaffibilitas
908 3114 1086 3208 corporis,
1101 3110 1398 3194 &immortalitae
1414 3109 1494 3197 Do·,

455 3230 546 3299 unm
558 3207 643 3306 illud
663 3209 941 3303 supernaturale,
957 3233 1031 3304 quo
1047 3212 1351 3302 prirnuslromoin
1370 3211 1495 3289 lemet-

454 3302 531 3403 ipl'o
556 3308 665 3383 restus
688 3310 890 3393 dicebatur,
908 3312 957 3384 ob
976 3312 1180 3407 preclarum
1198 3310 1402 3387 facultatum
1419 3317 1494 3404 eina

454 3409 616 3487 ordinem
640 3410 727 3481 inter
747 3407 812 3491 se,
841 3409 940 3483 &ad
963 3407 1109 3494 Deum,
1141 3432 1216 3486 non
1241 3410 1300 3485 libi
1323 3411 1407 3494 nni,
1434 3416 1491 3492 led

451 3505 615 3580 universo
637 3504 826 3592 honrinum
850 3514 971 3602 generi
992 3511 1145 3586 bdarnns
1159 3513 1415 3606 acceperamita
1429 3515 1492 3595 de,

451 3619 618 3694 cernente
632 3603 716 3692 Deo
730 3660 740 3689 ,
755 3608 815 3700 qui
839 3609 874 3690 in
889 3631 935 3685 eo
951 3608 1048 3694 velut
1074 3607 1260 3689 hominum
1281 3625 1491 3693 (uterorum

449 3703 592 3799 abipso
618 3704 933 3802 propagandorum
962 3713 1078 3801 primo
1100 3728 1264 3805 parente,
1293 3713 1328 3782 ὁὶ
1353 3715 1489 3814 capite,

451 3804 675 3898 posterorum
688 3808 850 3891 omnium
868 3806 1049 3886 voluntate
1066 3809 1246 3910 constituit
1259 3832 1270 3891 3
1285 3811 1374 3899 adeo
1394 3830 1434 3884 nt
1463 3816 1488 3890 li

435 3902 485 3984 in
501 3905 608 3997 gratia
622 3901 861 3999 perleverallet
875 3960 884 3989 ,
896 3907 1058 3998 justitiam
1073 3909 1255 3994 eundem,
1272 3908 1412 4003 ejul'que
1425 3934 1487 4004 ap.

443 4004 632 4096 pendium,
649 4002 817 4094 largiente
831 4001 937 4082 Deo,
962 4029 1088 4090 omnes,
1116 4005 1280 4092 homines
1301 4031 1381 4082 com
1411 4015 1484 4084 ani-

440 4122 500 4182 ma
528 4100 595 4197 ipsa
618 4104 652 4175 in
669 4108 780 4201 prima
807 4101 855 4179 lui
878 4106 1015 4200 origine
1037 4105 1256 4200 accepissenb
1283 4103 1417 4181 Verum
1446 4117 1484 4190 in

442 4215 630 4299 peccatum
658 4200 857 4298 prolapsus,
877 4203 1043 4298 preclaro
1065 4204 1126 4287 illn
1141 4206 1242 4282 dono
1256 4262 1265 4291 ‚
1279 4206 1484 4305 coelestique

437 4302 683 4395 indumentoa
703 4300 896 4375 latronibus
922 4356 933 4386 ,
965 4304 1107 4396 Angelis
1129 4305 1255 4382 scilicet
1280 4307 1413 4382 notin,
1441 4334 1483 4388 ac

438 4402 662 4488 tenebrarum
685 4401 905 4496 expoliatus,
932 4401 1109 4500 plagiique
1130 4404 1351 4499 garnuinus,
1377 4410 1482 4505 igno,

436 4503 545 4598 anun
576 4497 705 4598 seilicet
728 4495 1056 4603 remuneratae
1086 4505 1172 4601 boni.
1203 4508 1371 4679 oananfi
1400 4530 1478 4599 ‚er

1291 4626 1424 4702 luun-

1082 4775 1107 4842 ὃ
