3700 5425
569 537 654 641 '332
678 543 685 551 ‘
749 528 906 625 Theoi.
933 530 1106 643 Dog.&
1128 496 1402 621 Moratur).
1425 525 1484 622 Π.

543 792 547 798 ,
573 721 698 803 tegra.
716 703 907 800 dispensare
926 699 1068 798 poffint.
1094 698 1220 779 Caium
1238 715 1356 777 tamen
1384 700 1497 796 vulgo
1525 710 1614 798 prus

564 820 718 902 ponunt
754 807 922 881 Ardores
941 805 1103 899 probati,
1128 804 1164 877 in
1191 824 1265 900 quo
1292 801 1482 897 dispenlare
1506 807 1613 903 pollit

570 905 768 1004 Eprlcopm
779 910 813 978 in
826 906 1084 997 impedimento
1109 902 1497 983 dirimente‚nondunr
1522 926 1611 980 con.

571 1004 684 1087 trado
696 1058 707 1090 ‚
720 1007 775 1079 led
787 1025 951 1097 proxime
967 999 1214 1078 contrahendo
1229 1003 1469 1077 matrimonio·
1493 1001 1612 1103 Spon-

472 1139 474 1145 ’
571 1104 696 1181 lalibm
717 1103 864 1180 solemni
887 1105 958 1176 ritu
1001 1104 1210 1187 contradis,
1229 1096 1403 1194 praemissis
1427 1109 1613 1178 denuntia-

561 1204 759 1290 tionibus,
780 1201 946 1278 'Perocho
971 1220 1017 1274 ex
1043 1199 1259 1277 conl'ellione
1278 1203 1372 1284 viri.
1403 1217 1464 1276 aut
1485 1203 1611 1296 puellae

560 1308 738 1400 proxime
763 1319 928 1397 nupturae
950 1303 1118 1374 dirimens
1142 1303 1287 1396 aliquod
1308 1306 1609 1395 impedimentum

568 1403 780 1488 innotescit,
807 1427 840 1482 v.
863 1422 919 1496 gr·
944 1402 1131 1476 contrade
1154 1399 1331 1476 affinitatis
1350 1403 1610 1477 exillicitacon

568 1505 653 1602 pula
679 1501 831 1578 occulta·
857 1501 992 1576 Omnia
1019 1498 1163 1574 'luntad
1191 1502 1445 1575 lolemoitatem
1467 1523 1609 1596 uupua·

566 1625 648 1678 rum
664 1605 732 1699 ipia
742 1606 799 1678 die
818 1598 1062 1681 celebrandam
1075 1615 1204 1694 parata.
1232 1596 1413 1676 Omnibus
1433 1599 1610 1683 discubio,

564 1702 661 1780 nulla
678 1715 774 1794 patet
790 1703 844 1776 via
866 1699 997 1795 publici
1019 1698 1169 1775 l'carrdali
1191 1698 1370 1774 devitandi
1393 1751 1404 1782 ,
1441 1699 1609 1777 inl'auriae.

561 1819 735 1900 que,aut
757 1816 852 1877 certe
874 1795 1150 1894 graviffimarum
1173 1801 1436 1874 inimicitiarum
1447 1818 1607 1875 averten-

564 1914 692 1977 darum
713 1897 768 1987 ,sl
790 1901 1008 1976 matrimonii
1039 1899 1229 1975 celebratio
1249 1898 1442 1973 differatur·
1480 1898 1521 1974 lo
1552 1903 1607 1975 hia

562 2022 681 2078 rerum
708 2000 894 2096 angustiis,
912 1998 958 2073 ad
980 1996 1194 2097 Episcopum
1224 1997 1509 2092 confugiendum
1533 2000 1605 2085 eli.

563 2117 605 2176 nt
627 2101 796 2212 dil'penler
819 2121 887 2194 pro
907 2099 1130 2174 conicientiae
1160 2097 1255 2173 loro.
1298 2096 1433 2173 samen
1473 2108 1607 2191 poterit

559 2199 709 2278 fortallm
731 2201 804 2275 hoc
822 2196 995 2293 effugium
1012 2196 1191 2283 adhiberi,
1207 2217 1245 2275 ut
1263 2196 1444 2273 suadeatur
1454 2204 1602 2294 puelle,

559 2315 624 2375 aut
651 2304 728 2375 viro
748 2317 874 2376 votum
905 2298 1068 2373 castitatis
1086 2301 1247 2373 emittere
1272 2300 1317 2372 ad
1332 2298 1423 2373 riuos
1443 2309 1602 2384 merum.

563 2417 606 2477 ut
628 2399 847 2496 probabilem
868 2395 1142 2473 dirimendarum
1165 2401 1367 2495 nuptiarum
1394 2420 1530 2474 cautam
1541 2422 1603 2498 pa.

563 2501 722 2578 rentibus
751 2499 874 2576 ali'erre
897 2493 1027 2594 possint
1042 2537 1060 2584 ,·-
1080 2499 1258 2579 dicendo,
1279 2502 1312 2571 le
1338 2520 1358 2572 a
1384 2499 1604 2575 Coniellario

564 2604 746 2677 monitor,
771 2597 959 2674 neceil'ario
979 2597 1042 2673 libi
1062 2599 1250 2694 petendam
1267 2621 1286 2673 ι
1303 2598 1393 2673 Sede
1410 2602 1603 2687 apostolica

564 2700 858 2795 dil'peul'ationem
885 2697 986 2795 l'uper
1014 2697 1111 2773 voto
1135 2699 1328 2783 callium,
1358 2698 1452 2772 nulla
1483 2713 1603 2775 tanuen

561 2800 651 2876 iada
665 2800 825 2897 praeliniti
849 2799 1020 2892 temporis
1057 2805 1267 2878 mentione,
1288 2801 1369 2894 quia
1394 2814 1517 2875 votum
1544 2823 1603 2875 ca·

561 2901 683 2976 liitatis
702 2903 748 2975 ad
770 2917 908 2995 tempus
935 2897 1129 2975 servande,
1146 2903 1189 2972 ab
1205 2898 1380 2995 Epilbupo
1390 2904 1519 2974 remitti
1534 2921 1600 2992 po·

562 3000 641 3076 test·
671 2998 945 3075 Matrimonium
974 3000 1114 3094 interim
1148 2997 1328 3073 differetur
1360 2998 1534 3076 ‚&durn
1564 3005 1600 3076 in

564 3123 713 3176 romana
731 3098 836 3176 Curia
871 3122 924 3174 rea
945 3112 1064 3194 aperte
1086 3116 1227 3193 geretur
1245 3122 1322 3192 pro
1347 3095 1600 3193 dilpeol'at'ioue

560 3203 638 3275 voti
663 3199 823 3275 castitatis
838 3252 848 3284 ,
864 3199 954 3273 clam
968 3201 1214 3294 procurabitur
1235 3198 1441 3293 dil'pemauo
1462 3205 1531 3275 veri
1552 3202 1601 3274 al·

561 3304 669 3377 terius
694 3300 942 3395 ¹impedimenti
969 3321 1037 3393 pro
1055 3300 1138 3372 loro
1158 3300 1329 3374 interiori.
1363 3302 1410 3373 rit
1434 3298 1458 3372 lr
1481 3306 1600 3376 cautio

560 3401 625 3477 iila
644 3396 798 3495 spectaris
822 3421 940 3473 rerum
964 3443 975 3478 ,
1002 3413 1063 3474 aut
1087 3398 1313 3491 personarum
1335 3400 1604 3476 circumstantiis

487 3505 499 3513 “
557 3501 737 3593 'judicetur
754 3495 928 3580 difficilis,
950 3516 1010 3573 aut
1030 3494 1245 3595 impollibilis
1270 3501 1514 3582 executionis.
1534 3507 1603 3573 im·

560 3598 732 3696 petranda
748 3598 797 3673 eli
823 3602 866 3673 ab
885 3596 1062 3693 Episcopo
1091 3595 1326 3691 dispertium,
1348 3620 1455 3694 quam
1484 3600 1602 3676 inhia

559 3698 724 3795 anguillis
755 3701 957 3775 concedere
984 3698 1128 3794 poterit.

848 3828 1171 3910 REGULA
1221 3823 1306 3912 Xl.

560 3966 657 4049 Cum
676 3968 722 4048 de
741 3964 990 4048 contrahendo
1013 3974 1244 4049 matrimonio
1258 3973 1396 4069 agitur,
1413 3967 1468 4049 rel
1485 3967 1601 4066 publi:

611 4094 696 4149 cum
727 4070 1024 4169 impedimentum
1049 4072 1119 4156 est,
1140 4073 1335 4170 dil'penl'me
1356 4097 1431 4150 non
1456 4069 1599 4169 pbllunt

607 4168 796 4271 Episcopi.
816 4170 876 4245 nili
897 4171 1107 4267 potestatem
1129 4172 1344 4269 dispensandi
1366 4190 1517 4270 urgente
1540 4194 1600 4246 ne·

610 4268 762 4348 cellitate
782 4294 803 4346 a
827 4270 968 4356 summo
985 4269 1158 4347 Pontifice
1177 4275 1410 4355 obtinuerint.

216 4483 219 4488 ,
321 4407 524 4491 'Dedlipen
560 4403 800 4568 Hodierna
830 4403 960 4480 scilicet
988 4400 1149 4482 Ecclesiae
1181 4405 1379 4503 disciplina,
1407 4403 1599 4484 secundum

351 4487 510 4554 fanonibus
669 4526 777 4602 quam
795 4502 1066 4602 dipensationet
1078 4507 1115 4584 in
1126 4508 1294 4603 gradibus
1313 4506 1500 4606 prohibitis
1512 4528 1602 4590 cona

279 4625 283 4636 ,
320 4580 322 4584 ·
348 4569 384 4660 ‚dr
402 4567 440 4628 de
455 4581 542 4644 porr·
1480 4604 1554 4681 san-

277 4643 404 4803 h
