3700 5425
559 551 645 663 '478
730 539 886 642 Theoi.
914 544 1032 659 urg,
1062 536 1270 639 &Morti
1299 544 1394 647 Lib.
1418 546 1498 645 m.

565 724 733 803 teliexere
747 718 998 819 blasphemiam
1022 721 1167 817 proprie
1179 719 1309 795 didam
1325 765 1336 801 t
1350 743 1421 817 qua
1435 724 1513 819 quir
1522 719 1618 802 diri.

566 845 622 898 nae
640 822 805 898 bonitatis
820 842 930 916 opera
941 867 953 901 .
965 842 1046 917 qoae
1058 818 1200 915 Spiritui
1210 818 1326 896 santio
1337 823 1503 917 peculiari
1522 848 1615 924 qua-

501 932 504 943 '
565 925 798 997 damuatione
820 923 1105 1001 tribuuntumex
1121 922 1287 995 destinata
1310 921 1441 997 malitia
1463 924 1613 1003 diabolo

489 1028 492 1034 “
559 1007 675 1116 =impie
698 1021 820 1099 tribuit
842 1066 853 1096 2
879 1018 924 1101 ad
947 1021 1050 1094 instar
1083 1017 1342 1115 pharisaeorum·
1381 1018 1433 1095 liii
1453 1046 1612 1124 namque

566 1119 816 1216 blasphemiam
833 1121 1008 1217 primum,
1023 1118 1057 1193 rd
1069 1121 1139 1200 eii,
1162 1119 1419 1195 contumeliosa
1439 1127 1543 1199 verba
1568 1130 1610 1203 in

526 1253 530 1266 ¹
564 1218 693 1299 Filium
715 1220 871 1297 hominia
890 1220 1072 1297 dixerant,
1086 1217 1266 1296 Christum
1290 1241 1474 1298 voracem,
1500 1242 1610 1320 pota·

564 1334 683 1397 torem
707 1322 807 1413 vini.
846 1315 1121 1395 Publicanorum
1146 1337 1342 1395 amatorem
1366 1323 1608 1415 appellantes:

563 1420 693 1496 deinde
714 1440 800 1495 uero
827 1416 1077 1514 blasphemiam
1097 1418 1265 1496 dixerunt
1283 1421 1319 1492 in
1340 1417 1511 1516 Spiritum
1533 1424 1612 1500 san·

564 1520 682 1605 dium,
696 1540 780 1599 cunr
801 1517 918 1595 d‘viua
942 1539 1017 1601 etur
1037 1539 1146 1614 opera
1172 1516 1327 1615 Principi
1341 1527 1607 1601 daenronioruur

386 1712 389 1723 Ι
562 1624 717 1697 tribuere
733 1543 919 1710 rationu
948 1617 994 1693 iic
1014 1618 1194 1716 explicant
1216 1624 1271 1687 Si.
1294 1618 1517 1708 Athaeafius,
1539 1626 1610 1693 Hi·

452 1800 454 1803 ,
559 1718 665 1791 luetur
681 1720 965 1810 ,Cbiyioiiomus,
981 1718 1201 1807 Hieronymus
1210 1770 1221 1803 ,
1236 1714 1434 1806 Ambrosius.
1446 1718 1511 1796 Alii
1522 1744 1609 1818 pec.

557 1834 679 1897 ertum
701 1820 738 1895 in
766 1818 938 1916 Spiritum
954 1815 1108 1895 santium
1128 1820 1430 1915 impoenitentiam
1442 1822 1553 1919 usque
1566 1827 1607 1901 in

555 1918 665 1997 finem
680 1918 905 2003 intellexere,
919 1936 958 1994 ut
976 1923 1011 1988 S.
1023 1926 1108 2012 Aug.
1122 1921 1224 2014 quod
1238 1916 1327 1994 istud
1340 1917 1514 1997 duntaxat
1523 1943 1610 2019 pec·

553 2034 675 2095 catum
699 2042 774 2095 non
801 2020 999 2095 remittatur
1026 2035 1348 2113 unquam,caetera
1373 2041 1458 2094 vero
1488 2025 1608 2117 poeni·

559 2120 718 2196 tentibus
731 2118 997 2195 condonentur·
1024 2118 1089 2194 Alii
1106 2136 1293 2215 peccatum
1302 2120 1339 2193 in
1351 2115 1522 2214 Spiritum
1533 2119 1612 2197 ian·

477 2296 479 2303 ,
559 2220 655 2299 fluor
681 2215 748 2297 effe
773 2220 942 2295 dixerunt
965 2219 1098 2297 crimen
1122 2240 1233 2293 omne
1266 2264 1278 2301 ,
1303 2220 1404 2315 quod
1435 2241 1481 2295 ex
1501 2220 1608 2297 deiii·

559 2336 642 2403 nata
664 2316 792 2399 malitia
819 2333 1066 2421 perpetratur,
1084 2316 1118 2391 id
1144 2320 1239 2393 enim
1268 2314 1433 2414 fingulari
1448 2321 1607 2418 quadam

537 2422 698 2519 ‚ratione
719 2420 845 2493 divinae
876 2419 1075 2494 adveriatur
1105 2419 1257 2493 bonitati
1280 2465 1291 2500 ,
1311 2420 1392 2515 quia
1420 2439 1482 2514 per
1515 2442 1608 2498 eon·

559 2535 739 2616 tenrpturu
765 2520 978 2611 abjiciuntur
1000 2561 1011 2595 a
1032 2540 1075 2597 ac
1099 2534 1331 2593 removentur
1357 2518 1476 2594 oblata
1502 2521 1572 2596 nris
1587 2567 1605 2587 .

559 2623 667 2697 rantis
684 2616 756 2695 Dei
779 2640 958 2704 munera,
989 2639 1070 2715 quae
1089 2621 1226 2715 peccati
1259 2615 1466 2694 clodionem
1489 2622 1605 2720 impe·

558 2722 684 2798 diunt,
705 2733 745 2795 ut
762 2718 916 2816 explicat
930 2724 963 2799 S.
975 2714 1144 2806 Thomas,
1163 2737 1198 2790 2.
1224 2735 1259 2791 2·
1271 2741 1332 2816 qo.
1349 2737 1403 2807 14
1416 2737 1480 2795 art·
1493 2735 1527 2794 1.

355 2813 528 2905 (ΝΜ
608 2820 679 2896 sex
699 2817 812 2916 vulgo
834 2834 979 2916 peccata
998 2820 1033 2894 in
1058 2818 1228 2915 Spiritum
1247 2816 1402 2895 santium
1419 2819 1603 2896 recensen-

350 2911 540 3053 ffi‘iffim
558 2933 636 3006 tur,
657 2919 786 2995 scilicet
808 2917 1034 3015 praeiirnrptio
1051 2918 1283 2994 mii'ericordia
1298 2916 1388 3003 Dei,
1406 2920 1515 2993 aeide
1532 2924 1601 2996 irn-

558 3024 717 3118 punitate
737 3020 895 3115 peccati,
921 3020 1137 3116 desperatio,
1164 3023 1291 3116 agnitae
1313 3021 1462 3094 veritatis
1485 3024 1607 3113 impu.

586 3124 709 3197 natio,
728 3121 887 3196 iraternae
922 3118 1100 3196 charitatis
1131 3119 1352 3204 invidentia,
1386 3118 1602 3207 obstinatio,

622 3222 893 3317 impoenitentia.

608 3318 760 3397 Peccant
783 3324 891 3415 igitur
912 3320 947 3393 in
969 3315 1140 3417 Spiritum
1169 3316 1324 3394 fandum
1347 3356 1358 3392 r
1384 3317 1448 3415 qui
1469 3316 1603 3397 dirinae

557 3419 803 3497 misericordiae
824 3419 951 3494 fiducia
964 3422 1008 3494 ad
1021 3416 1241 3515 peccandum
1261 3418 1466 3493 audaciores
1489 3417 1602 3502 fiunt,

553 3520 685 3616 abjeiia
710 3521 811 3594 omni
844 3519 984 3609 justitiae
1012 3573 1024 3605 ,
1052 3516 1257 3612 timorisque
1286 3517 1397 3591 divini
1426 3519 1599 3613 ratione3

467 3674 477 3693 .
554 3625 617 3719 qui
640 3623 762 3696 animo
779 3675 787 3705 .
804 3617 853 3692 fin
872 3622 988 3695 minus
1009 3638 1074 3694 ote
1087 3616 1235 3696 dicunt:
1255 3614 1430 3703 Miseratio
1456 3621 1599 3690 Domini

468 3748 477 3767 ·
553 3744 669 3815 inagna
683 3718 726 3797 eli
740 3775 750 3807 ‚
765 3721 990 3789 multitudinis
1001 3736 1205 3810 peccatorum
1219 3739 1361 3788 meorum
1374 3715 1602 3810 miserebiturt

554 3821 633 3915 Qui
647 3822 805 3892 Divitias
825 3816 985 3889 bonitatis
1003 3818 1071 3891 Dei
1081 3872 1090 3902 ‚
1108 3818 1358 3909 dpatientia,
1385 3817 1428 3889 (t
1446 3821 1597 3910 irrigam-

551 3924 683 3993 mitaris
701 3938 930 4005 contemnunt,
948 3925 1137 4013 ignorantes
1157 3921 1309 4013 quoniam
1334 3915 1515 4010 benignitas
1528 3922 1601 3989 Dei

549 4027 591 4091 ud
611 4022 836 4113 penitentiam
867 4020 946 4096 ilios
973 4020 1105 4089 adducit
1130 4041 1142 4112 ;
1167 4017 1235 4093 iola
1259 4016 1329 4093 fide
1351 4023 1386 4095 in
1414 4017 1598 4096 Christum

546 4121 611 4199 fibi
626 4119 845 4198 blandientes
860 4167 871 4202 ,
889 4135 1128 4213 aeternamque
1148 4117 1349 4195 felicitatem
1363 4116 1424 4194 fibi
1444 4125 1599 4214 promit·

545 4237 661 4299 tenter
682 4269 694 4306 ,
713 4222 874 4318 quamvis
895 4225 932 4295 in
952 4235 1184 4316 peccatorum
1204 4217 1365 4294 sordibus
1387 4235 1598 4315 computre·

542 4320 663 4409 seant3
684 4343 769 4398 cum
789 4336 909 4394 metu,
926 4342 969 4394 ac
997 4338 1152 4394 tremore
1166 4317 1309 4394 salutern
1331 4318 1597 4413 suamoperari,

545 4423 583 4598 fg
608 4444 669 4515 per
697 4423 792 4498 bona
806 4440 915 4516 opera
937 4434 1071 4498 tertam
1092 4417 1208 4496 iacere
1232 4420 1433 4502 nuliatenus
1472 4443 1602 4499 curan-

583 4542 614 4605 t.

1478 4613 1540 4708 5⁰<
