3700 5425
520 602 618 696 ‘De
636 600 821 696 Peccatis
850 598 896 695 in
921 607 1093 718 generes
1283 620 1363 715 ⁶83
1485 582 1498 743 ί

279 825 282 838 ·
320 772 491 859 ‘servanda
508 775 645 876 JeJunia
665 775 867 875 hujusmodi
888 801 964 855 non
987 790 1150 855 tenentur
1178 772 1364 869 „videm

325 884 402 958 eiio
417 882 462 955 de
483 879 620 976 legibue
639 880 794 955 civilibus
808 876 995 974 judicium
1021 877 1116 955 Cum
1134 882 1228 953 enim
1242 875 1364 975 legum

324 977 549 1057 ferendarum
573 978 723 1075 potestas
738 976 819 1054 data
836 975 903 1053 sant
922 977 1125 1054 nominibus
1140 991 1285 1074 propter
1297 983 1364 1056 bn·

324 1103 415 1156 num
437 1102 654 1165 commune,
675 1076 775 1175 quod
799 1099 867 1153 nec
888 1078 1022 1176 semper
1048 1128 1059 1161 ‚
1084 1098 1151 1151 nec
1184 1093 1224 1153 ut
1253 1079 1364 1176 piuri-

324 1203 426 1257 mum
451 1177 632 1275 postulat,
659 1188 700 1254 ut
716 1176 843 1254 subditi
862 1175 907 1253 ad
932 1200 995 1254 ea,
1013 1198 1091 1272 quae
1122 1179 1331 1274 praecipiunt
1347 1232 1360 1264 .

323 1279 533 1376 exequenda
561 1301 644 1354 cum
668 1277 827 1375 periculo
848 1281 928 1353 vitae
956 1275 1193 1373 obligentur,
1220 1294 1360 1354 certum

321 1379 393 1464 est,
419 1379 513 1476 teges
530 1382 574 1453 ab
594 1375 673 1475 ipsu
695 1376 974 1463 condumum
993 1373 1152 1470 periculo
1174 1387 1246 1450 tam
1258 1378 1360 1474 grati

306 1502 400 1563 ¹non
430 1477 586 1575 obligare
609 1498 622 1564 ;
647 1475 810 1575 adeoque
826 1477 957 1570 justum
977 1477 1093 1573 gravis
1115 1475 1262 1569 periculi
1283 1497 1361 1553 me·

321 1585 400 1655 tum
422 1581 466 1653 ab
485 1575 605 1654 earnm
622 1572 838 1651 observantia
855 1575 974 1671 sapius
993 1572 1170 1652 excusare.

373 1677 414 1752 in
447 1676 501 1752 hia
525 1692 661 1752 metum
682 1698 864 1773 gravema
893 1688 1043 1769 peccato
1063 1728 1074 1763 ,
1093 1695 1133 1752 ut
1164 1671 1359 1768 plurimum

320 1777 486 1856 excusare
509 1776 605 1851 dixit
623 1773 719 1853 Certi
741 1778 837 1852 enim
864 1773 944 1853 sunt
963 1773 1058 1852 casus
1074 1816 1082 1850 t
1098 1774 1226 1874 quibua
1252 1777 1356 1851 etiam
1373 1746 1492 1888 susti&
1511 1770 1560 1817 ⁶¹·

320 1865 484 1953 humana
507 1876 624 1971 lenes.
652 1879 829 1951 cumvitae
843 1875 1003 1974 periculo
1023 1874 1210 1970 obligant,
1230 1877 1290 1953 uui
1313 1877 1358 1952 ae
1375 1845 1442 1965 bis’
1455 1830 1564 1977 {252⁰ss

319 1973 514 2060 uectem,
544 1972 600 2050 vel
633 1971 850 2071 Reipublicae
869 1977 1055 2053 communi
1084 1975 1185 2051 bono
1211 1978 1328 2073 agitur
1346 2024 1358 2056 2
1375 1974 1520 2070 netega

319 2079 422 2171 qnod
438 2077 619 2170 procurari
632 2099 706 2150 non
719 2075 856 2172 potest,
870 2074 932 2150 niii
951 2078 1170 2192 privatorum
1192 2078 1358 2174 numqui
1374 2067 1465 2193 ξξέω
1490 2075 1562 2193 ᾞΜ

319 2179 482 2274 corporis
494 2172 729 2251 ecclesiastici,
745 2190 807 2251 aut
825 2173 963 2272 politici
984 2176 1141 2251 membra
1153 2171 1252 2262 sunt,
1268 2179 1354 2272 peri·
1375 2206 1443 2270 culo
1463 2150 1542 2282 333³ss

320 2274 406 2351 culo
432 2292 644 2366 exponatur.
670 2272 925 2367 Quamobrem
940 2271 1132 2448 Episcossus
1154 2324 1164 2350 .
1189 2275 1226 2348 da
1250 2273 1358 2353 Paro·
1374 2292 1454 2363 aaut

320 2374 409 2450 chus
424 2374 583 2450 saviente
602 2375 639 2449 in
653 2372 849 2451 universum
867 2396 1016 2470 gregem
1034 2371 1066 2451 C
1094 2370 1268 2450 ristianum
1281 2399 1360 2475 per.

318 2474 523 2558 secutione.
550 2489 610 2549 aut
630 2468 802 2571 gratiane
821 2474 915 2569 peste
936 2528 948 2560 ,
973 2471 1029 2549 vel
1049 2470 1268 2559 obfidionis,
1298 2488 1361 2554 aut
1402 2484 1416 2515 ⁸

320 2573 449 2649 excidii
468 2576 676 2649 imminente
694 2573 854 2669 periculo
868 2615 879 2652 2
892 2593 1036 2650 manere
1057 2576 1095 2649 in
1112 2567 1268 2650 Dioecefi
1280 2629 1291 2661 ,
1304 2576 1363 2655 vet

316 2669 487 2751 Parochia
499 2672 557 2750 ,ἀ
577 2671 684 2750 iidem
699 2669 885 2760 confiteri,
900 2673 1109 2770 praedicare,
1124 2670 1258 2751 Fideles
1270 2677 1362 2759 inea

317 2771 552 2860 confirmare.
578 2773 801 2850 Sacramenta
837 2771 1076 2849 administrare
1094 2788 1262 2852 tenentur
1283 2828 1296 2856 ‚
1318 2793 1361 2858 ut

316 2873 426 2949 docet
441 2877 473 2941 Sa
486 2868 620 2965 auguli.
640 2868 706 2966 Ερ.
718 2879 801 2955 228.
814 2871 893 2948 aiias
906 2869 989 2957 1'80.
1007 2872 1050 2948 ad
1069 2876 1290 2945 Honoratam
1321 2878 1361 2960 Si

317 2974 411 3047 enim
434 2972 571 3068 fugiant
593 3028 604 3060 ,
637 2970 831 3048 Christiana
853 2969 959 3048 Piebe
984 2986 1180 3058 manente,
1202 2975 1359 3055 minine.

315 3074 479 3169 numque
495 3069 734 3158 subtrahatur,
755 3093 830 3146 non
843 3072 944 3148 bono
961 3068 1114 3157 Pastori,
1143 3069 1201 3148 sed
1222 3096 1358 3154 merce-

315 3177 417 3247 nan‘n
440 3170 565 3247 ssmiles
585 3171 680 3257 sint,
700 3171 761 3268 qui
793 3170 888 3273 videt
914 3169 1040 3266 lupum
1069 3171 1290 3261 venientem,
1315 3177 1356 3253 dc

315 3274 461 3347 dimittit
485 3294 593 3357 oves,
608 3270 772 3366 defugit,
788 3272 870 3367 quia
893 3293 969 3345 non
989 3268 1096 3346 estiiii
1113 3292 1198 3347 cura
1217 3274 1262 3348 de
1276 3280 1355 3351 ovi·

302 3373 392 3446 'laun
415 3427 469 3462 „„
497 3370 611 3463 Quod
630 3373 726 3446 enim
747 3369 791 3447 ad
819 3391 886 3444 nna
908 3373 1065 3449 attinet,
1088 3378 1148 3467 qut
1169 3372 1205 3445 in
1227 3370 1294 3450 hac
1314 3397 1354 3452 re

301 3492 389 3546 -non
410 3472 577 3548 iaiiuntue
593 3491 731 3556 errore,
744 3468 801 3545 sed
824 3468 1014 3545 formidine
1029 3470 1254 3561 funerantura
1268 3498 1355 3569 nua-

312 3594 351 3645 re
369 3591 444 3646 non
472 3574 592 3667 potius
612 3585 738 3646 contra
759 3567 860 3647 suum
883 3576 1051 3646 timorem
1065 3566 1231 3648 Domino
1252 3575 1353 3652 mise·
1502 3658 1511 3679 ‚

311 3681 413 3745 rante
436 3682 573 3763 ‚atque
590 3671 780 3767 adjuvante
804 3669 944 3746 intuitea
969 3667 1139 3746 dimicant
1164 3693 1232 3756 ,ne
1261 3675 1351 3753 maia

310 3768 384 3843 fine
416 3769 684 3866 comparatione
713 3769 876 3865 graviora
904 3821 914 3851 .
940 3790 1021 3864 quaa
1050 3768 1167 3845 multo
1198 3774 1351 3869 ampiine

308 3866 390 3943 sunt
411 3866 593 3944 tremenda
605 3922 616 3954 ,
629 3865 870 3965 contingenti
887 3866 942 3943 Fit
955 3868 1049 3954 hnc,
1068 3870 1129 3946 ubi
1141 3859 1212 3944 Dei
1235 3877 1350 3950 chari·

309 3980 362 4043 tas
375 3966 498 4065 flagrat
511 4023 520 4051 ,
534 3990 614 4043 non
631 3959 692 4046 unt
704 3971 830 4044 mundi
842 3968 1014 4064 cupiditas
1035 3966 1159 4044 fumat·
1181 3969 1250 4046 Sed
1263 3973 1346 4054 cha·

308 4070 392 4143 titas
410 4082 456 4143 ett
470 4065 552 4142 Deo
566 4065 625 4142 est.
640 4066 908 4164 Oremuseagn
934 4114 944 4148 ‚
964 4086 1004 4143 ut
1026 4068 1069 4142 ab
1088 4066 1150 4142 iuo
1167 4068 1300 4158 detur,
1322 4097 1344 4152 ι

308 4188 386 4261 qno
403 4167 557 4262 jubetur·
584 4163 627 4243 Et
641 4191 704 4266 per
725 4168 816 4244 hanc
836 4166 949 4263 magis
967 4169 1174 4247 timeamus,
1192 4192 1238 4244 ne
1254 4193 1342 4251 ovea

307 4266 436 4341 cunti
453 4260 636 4361 smritmiis
659 4270 824 4366 nequitiae
839 4267 961 4363 gladio
972 4268 1009 4341 in
1022 4265 1154 4342 corda,
1170 4289 1279 4364 quam
1295 4295 1341 4350 ne

306 4364 404 4442 feno
436 4368 472 4440 in
498 4388 652 4465 corpore
673 4368 911 4449 trucidentur.
942 4367 1004 4442 ubi
1028 4364 1340 4465 quandocunque.

292 4486 530 4569 unocunque
543 4462 1342 4563 montiageneeemoriturisunt.Magiitimea-
1509 4527 1513 4541 .

308 4584 468 4655 manne
482 4564 580 4646 ienis
589 4568 749 4661 intetinei
767 4578 1075 4666 corruptupetaat
1088 4566 1340 4662 castitatfidei,

606 4697 608 4700 ·
1161 4686 1290 4768 quam.
1501 4699 1506 4706 ·
