3700 5425
471 658 473 661 .
533 587 601 678 De·
625 570 809 680 Peccatis
828 582 873 677 in
900 594 1071 703 generet·
1253 584 1341 697 '497

295 748 391 843 »radi
408 762 609 862 praecipitur
621 817 630 846 ,
644 776 681 835 ut
697 784 713 835 a
736 762 888 857 nequitia
907 761 1115 856 corrigatur·
1144 757 1196 837 nd
1208 758 1338 858 aliquid

302 880 391 959 ergo
412 864 585 945 caeditur,
612 885 696 935 cum
720 884 793 934 non
818 862 893 953 elus
922 857 1104 937 Dominus
1125 862 1339 938 cruciatibus

301 963 502 1040 delectatur.
527 959 641 1056 lniqui
655 972 770 1034 autern
783 959 954 1056 gehennae
965 960 1105 1055 ignibus
1115 960 1250 1039 traditi,
1264 980 1339 1058 quo

302 1063 374 1139 sine
404 1062 538 1154 semper
569 1059 769 1134 ardebunt?
794 1059 838 1136 Et
860 1062 941 1158 quia
968 1068 1105 1136 certum
1138 1060 1214 1144 est,
1238 1060 1341 1158 quod
1462 1136 1477 1159 ,

302 1166 406 1262 pius,
429 1174 534 1255 atque
559 1163 788 1254 omnipotens
812 1157 909 1236 Deus
934 1179 1007 1234 non
1039 1158 1187 1254 pascitur
1204 1164 1340 1236 ctucia·

302 1264 396 1338 tlbus
419 1262 645 1352 iniquorum,
670 1281 733 1333 cut
757 1263 958 1334 cruciantur
981 1257 1252 1344 mileti,s1non
1276 1271 1342 1335 erra
1462 1306 1465 1317 ·

299 1365 441 1461 piantur
453 1359 472 1446 i
484 1358 627 1453 Quibus
645 1360 745 1434 citius
764 1357 1036 1453 respondemus,
1053 1359 1152 1452 quod
1172 1363 1342 1459 omnipo·

300 1476 379 1536 tens
406 1455 528 1542 Deus.
555 1462 635 1555 quia
655 1463 732 1556 pius
757 1457 826 1536 est.
851 1457 1055 1533 miserorum
1080 1448 1238 1536 cruciatu
1263 1483 1340 1538 noo

300 1558 479 1655 pascitur3
502 1559 582 1654 quia
605 1575 722 1632 autem
751 1558 859 1651 justus
893 1556 963 1640 est,
988 1559 1032 1632 ab
1058 1562 1263 1657 iniquorum
1286 1560 1341 1636 ul·

300 1663 400 1735 tione
423 1661 457 1731 in
483 1663 692 1821 perpetuum
718 1681 791 1731 non
812 1655 961 1738 sedatur.
988 1656 1058 1734 Sed
1077 1661 1188 1756 iniqui
1212 1673 1340 1734 omnes

300 1773 436 1835 aeterno
460 1757 546 1852 supp
562 1757 657 1837 icio,
679 1757 712 1830 u
738 1756 881 1848 quidam
904 1755 960 1832 sua
980 1758 1164 1855 iniquitate
1187 1762 1341 1852 puniun-

300 1871 386 1951 tur3
408 1857 445 1932 dt
468 1874 588 1933 tamen
602 1855 644 1929 ad
665 1855 794 1951 aliquid
821 1869 1115 1938 concremantur,
1135 1854 1265 1934 scilicet
1284 1860 1341 1952 ju.
1364 1888 1366 1893 ·

299 1957 342 2037 lli
371 1978 496 2030 omnes
526 1956 560 2029 ta
591 1957 625 2028 in
658 1953 737 2029 Deo
763 1953 903 2031 uideant
936 1957 1085 2052 gaudia,
1109 1976 1188 2050 qua
1227 1961 1341 2056 perci·

301 2058 428 2152 piunt,
446 2057 482 2129 δι
505 2056 538 2128 in
556 2055 624 2128 illis
635 2053 817 2154 respiciant
829 2053 1013 2153 supplicia,
1036 2072 1114 2152 quae
1137 2059 1343 2152 evaseruutt

301 2166 343 2233 tlt
364 2166 463 2230 tanto
484 2156 520 2228 in
545 2173 715 2230 aeternum
743 2159 854 2249 magis
877 2157 1003 2231 divinae
1024 2157 1143 2252 gratiae
1160 2153 1338 2233 debitores

300 2255 334 2330 se
356 2251 422 2329 else
447 2252 687 2348 cognoscant,
706 2270 843 2350 quanto
863 2255 897 2330 in
913 2269 1083 2330 aeternum
1108 2251 1195 2330 mala
1219 2256 1337 2354 puniti

301 2354 546 2450 conspiciunt,
564 2361 643 2446 quae
658 2355 731 2448 elus
745 2355 925 2446 adjutorlo
939 2355 1047 2429 vitare
1058 2370 1253 2449 potuerunt
1266 2412 1286 2447 „
1299 2379 1340 2449 „t

300 2450 354 2529 Ut
380 2456 474 2528 enim
498 2454 545 2527 ait
569 2458 600 2531 S.
617 2454 700 2538 tn,
725 2465 754 2525 t.
774 2473 804 2527 2.
833 2469 893 2551 qu.
913 2453 970 2544 87.
1007 2469 1070 2529 att·
1093 2471 1123 2540 3·
1149 2450 1353 2529 adsecunvs

300 2552 409 2629 olum,
436 2573 542 2647 poena
564 2551 655 2648 ipsa,
676 2577 754 2647 quae
771 2553 961 2630 secundum
980 2547 1074 2651 leges
1094 2550 1263 2631 humanas
1286 2555 1341 2631 irs·

301 2650 458 2749 lligitur,
484 2676 558 2728 non
574 2654 707 2746 semper
722 2653 769 2728 eil
788 2651 1002 2730 medicinalis
1017 2656 1046 2728 ei
1061 2703 1070 2734 ‚
1088 2657 1148 2750 qui
1160 2658 1338 2766 punitur,

302 2752 359 2828 sed
386 2751 500 2826 solum
520 2752 614 2839 aliis3
634 2752 816 2829 sicutcunr
839 2753 929 2830 latro
948 2752 1185 2849 suspenditur,
1206 2774 1280 2829 non
1299 2768 1340 2831 ut

303 2850 375 2946 ipse
397 2852 623 2931 emendetur,
652 2851 707 2924 sed
733 2862 879 2947 propter
900 2852 1007 2934 alios,
1035 2868 1073 2925 ut
1100 2852 1217 2925 saltem
1240 2870 1339 2928 metu

301 2944 1268 3048 poeuaeapeccarocohibeantur‚secundumilludl'rou.
1282 2970 1344 3043 19·
1427 2958 1432 2968 '

303 3050 473 3123 Pesirlentr
488 3042 596 3140 flagris
607 3070 650 3117 rto
666 3106 675 3134 ,
691 3047 810 3127 stultus
828 3050 1007 3142 sapientior
1025 3053 1102 3130 erit,
1131 3051 1188 3127 Sic
1207 3054 1343 3148 igitur,

306 3150 342 3224 dt
367 3165 504 3223 aeternae
527 3162 643 3245 poenae
666 3147 901 3244 reproborum
925 3172 942 3224 a
969 3148 1049 3227 Deo
1073 3148 1235 3235 inlicta,
1258 3150 1338 3227 sunt

305 3249 526 3323 medicinales
548 3248 624 3331 lais,
646 3252 705 3343 qui
724 3247 1005 3325 consideratione
1030 3267 1216 3336 poenarum
1235 3251 1338 3325 absti-

304 3365 392 3424 nent
413 3373 430 3421 a
455 3352 606 3438 peccatis
624 3378 632 3437 ;
649 3349 847 3438 ¹secundum
873 3347 957 3423 illud
979 3345 1026 3426 Ps.
1041 3365 1096 3436 59.
1127 3343 1253 3425 oedila·
1272 3358 1341 3418 met
1397 3403 1400 3407 .

304 3443 470 3518 tuentibus
490 3468 523 3517 te
543 3443 832 3543 fignificarionrm,
858 3469 895 3516 rrt
915 3443 1049 3544 fugiant
1075 3474 1093 3517 a
1112 3433 1204 3539 fatie
1219 3471 1336 3536 arcus,

304 3565 343 3617 ut
360 3543 540 3616 liberentur
566 3548 674 3619 dilrslr'
697 3549 758 3619 tuis
1352 3588 1447 3675 Ῥω
1465 3617 1547 3679 ‹latt-

357 3644 422 3726 lV.
452 3646 560 3727 Poena
582 3648 830 3724 damnatorum
851 3641 985 3744 duplet
1002 3645 1190 3746 estpoena
1202 3644 1341 3736 damni,
1362 3710 1497 3756 mmmm

306 3748 344 3821 dr
364 3766 471 3837 poena
502 3747 623 3823 lensust
651 3746 758 3824 Poena
784 3752 878 3822 enirn
906 3748 1093 3844 respondet
1117 3764 1276 3844 peccato·
1303 3746 1343 3824 ln
1363 3764 1498 3845 triplam

308 3864 458 3943 peccato
487 3865 603 3922 autem
621 3850 695 3922 duo
719 3847 815 3932 suut,
845 3838 971 3923 scilicet
995 3844 1126 3922 aversio
1142 3853 1184 3923 ab
1205 3851 1341 3923 incurro
1479 3903 1484 3912 ·

307 3947 466 4021 mutabili
484 3949 606 4022 bono·
626 3948 725 4040 quod
749 3949 798 4021 est
824 3946 999 4023 inlinitum
1016 3947 1072 4027 ‚tlt
1097 3946 1283 4050 conversio
1299 3945 1353 4023 ad'

309 4046 563 4120 commutabile
585 4048 733 4122 bonum.
764 4045 868 4121 Unde
882 4053 914 4116 S·
937 4042 1183 4138 Anguildibu.
1200 4050 1247 4115 tte
1266 4044 1359 4117 libr.-

309 4167 347 4212 ro
366 4142 625 4243 Arbitrimcap.
645 4162 698 4234 19·
719 4197 768 4237 ‚‚„
788 4145 964 4223 Voluntas
981 4142 1145 4240 (iuquit)
1168 4147 1279 4223 aretia
1305 4150 1348 4222 ab

309 4246 618 4329 incommutabili,
649 4248 685 4321 tle
713 4247 899 4322 communi
923 4243 1097 4332 boum&
1123 4245 1287 4321 conversa
1306 4244 1351 4321 ad

311 4346 496 4438 proprium
519 4349 655 4420 bonurn
671 4388 680 4427 ,
697 4361 758 4421 aut
778 4344 821 4420 ad
843 4347 1016 4428 eleterius,
1039 4346 1151 4420 autad
1177 4347 1351 4423 inferius,

311 4457 446 4538 peccat.
482 4441 535 4518 tld
569 4450 753 4541 proprium
774 4448 995 4522 cottvertitut
1020 4487 1029 4521 2
1055 4469 1135 4520 curn
1164 4445 1229 4520 strae
1251 4461 1351 4539 potes

311 4542 403 4620 statis
430 4542 505 4621 vult
524 4539 670 4637 eise3ad
695 4547 871 4720 exterilua.
903 4566 988 4623 cunt
1005 4542 1155 4625 aliorum
1186 4545 1352 4719 propria,

835 4668 847 4719 l
870 4658 895 4718 2
1252 4665 1294 4720 le

1616 3529 1628 3588 l
