<?xml version="1.0" encoding="UTF-8"?>
<!DOCTYPE html PUBLIC "-//W3C//DTD XHTML 1.0 Transitional//EN"
    "http://www.w3.org/TR/xhtml1/DTD/xhtml1-transitional.dtd">
<html xmlns="http://www.w3.org/1999/xhtml" xml:lang="en" lang="en">
 <head>
  <title>
</title>
<meta http-equiv="Content-Type" content="text/html;charset=utf-8" />
  <meta name='ocr-system' content='tesseract 3.04.00' />
  <meta name='ocr-capabilities' content='ocr_page ocr_carea ocr_par ocr_line ocrx_word'/>
</head>
<body>
  <div class='ocr_page' id='page_1' title='image "./theologiadogmat05alexgoog_0549.png"; bbox 0 0 3700 5425; ppageno 0'>
   <div class='ocr_carea' id='block_1_1' title="bbox 528 572 1356 709">
    <p class='ocr_par' dir='ltr' id='par_1_1' title="bbox 528 572 1356 709">
     <span class='ocr_line' id='line_1_1' title="bbox 528 572 1356 709; baseline 0.013 -34"><span class='ocrx_word' id='word_1_1' title='bbox 528 579 598 675; x_wconf 88' lang='lat' dir='ltr'>De</span> <span class='ocrx_word' id='word_1_2' title='bbox 639 572 825 675; x_wconf 86' lang='lat' dir='ltr'>Peccatis</span> <span class='ocrx_word' id='word_1_3' title='bbox 849 584 893 671; x_wconf 90' lang='lat' dir='ltr'>in</span> <span class='ocrx_word' id='word_1_4' title='bbox 918 587 1092 709; x_wconf 60' lang='lat' dir='ltr'>genere?</span> <span class='ocrx_word' id='word_1_5' title='bbox 1273 588 1356 695; x_wconf 79' lang='lat'>543&#39;</span> 
     </span>
    </p>
   </div>
   <div class='ocr_carea' id='block_1_2' title="bbox 282 750 1520 1154">
    <p class='ocr_par' dir='ltr' id='par_1_2' title="bbox 282 750 1520 1154">
     <span class='ocr_line' id='line_1_2' title="bbox 352 750 1352 852; baseline -0.001 -25"><span class='ocrx_word' id='word_1_6' title='bbox 352 751 406 835; x_wconf 72' lang='lat' dir='ltr'>‘Ita</span> <span class='ocrx_word' id='word_1_7' title='bbox 422 750 610 842; x_wconf 69' lang='lat' dir='ltr'>Gesoftrrsl.</span> <span class='ocrx_word' id='word_1_8' title='bbox 630 752 734 851; x_wconf 81' lang='lat' dir='ltr'>Epist.</span> <span class='ocrx_word' id='word_1_9' title='bbox 748 773 782 851; x_wconf 83' lang='lat'>5.</span> <span class='ocrx_word' id='word_1_10' title='bbox 802 755 846 829; x_wconf 85' lang='lat' dir='ltr'>ad</span> <span class='ocrx_word' id='word_1_11' title='bbox 864 757 1051 827; x_wconf 69' lang='lat' dir='ltr'>Honorum</span> <span class='ocrx_word' id='word_1_12' title='bbox 1062 751 1249 832; x_wconf 63' lang='lat' dir='ltr'>Dalmatiae</span> <span class='ocrx_word' id='word_1_13' title='bbox 1268 753 1352 852; x_wconf 80' lang='lat' dir='ltr'>Epi.</span> 
     </span>
     <span class='ocr_line' id='line_1_3' title="bbox 297 851 1347 954; baseline -0.011 -17"><span class='ocrx_word' id='word_1_14' title='bbox 297 858 472 954; x_wconf 82' lang='lat' dir='ltr'>scopum·</span> <span class='ocrx_word' id='word_1_15' title='bbox 490 906 515 943; x_wconf 87' lang='lat'>„</span> <span class='ocrx_word' id='word_1_16' title='bbox 535 900 560 941; x_wconf 69' lang='lat'>‚2</span> <span class='ocrx_word' id='word_1_17' title='bbox 591 851 661 932; x_wconf 89' lang='lat' dir='ltr'>Ubi</span> <span class='ocrx_word' id='word_1_18' title='bbox 686 856 762 938; x_wconf 88' lang='lat' dir='ltr'>est,</span> <span class='ocrx_word' id='word_1_19' title='bbox 787 855 888 953; x_wconf 91' lang='lat' dir='ltr'>quod</span> <span class='ocrx_word' id='word_1_20' title='bbox 919 855 1089 949; x_wconf 85' lang='lat' dir='ltr'>scriptum</span> <span class='ocrx_word' id='word_1_21' title='bbox 1114 857 1192 936; x_wconf 82' lang='lat' dir='ltr'>rsit</span> <span class='ocrx_word' id='word_1_22' title='bbox 1218 853 1347 927; x_wconf 82' lang='lat' dir='ltr'>Termi.</span> 
     </span>
     <span class='ocr_line' id='line_1_4' title="bbox 282 952 1520 1049; baseline -0.007 -19"><span class='ocrx_word' id='word_1_23' title='bbox 282 983 358 1030; x_wconf 85' lang='lat' dir='ltr'>¹nor</span> <span class='ocrx_word' id='word_1_24' title='bbox 380 965 515 1026; x_wconf 80' lang='lat' dir='ltr'>Petrum</span> <span class='ocrx_word' id='word_1_25' title='bbox 545 971 675 1025; x_wconf 79' lang='lat' dir='ltr'>tuorum</span> <span class='ocrx_word' id='word_1_26' title='bbox 699 979 762 1025; x_wconf 82' lang='lat' dir='ltr'>non</span> <span class='ocrx_word' id='word_1_27' title='bbox 784 952 1034 1049; x_wconf 74' lang='lat' dir='ltr'>transgredieris</span> <span class='ocrx_word' id='word_1_28' title='bbox 1051 977 1062 1046; x_wconf 83' lang='lat'>3</span> <span class='ocrx_word' id='word_1_29' title='bbox 1093 956 1131 1030; x_wconf 73' lang='lat' dir='ltr'>de</span> <span class='ocrx_word' id='word_1_30' title='bbox 1149 1003 1160 1038; x_wconf 90' lang='lat'>‚</span> <span class='ocrx_word' id='word_1_31' title='bbox 1179 957 1346 1048; x_wconf 83' lang='lat' dir='ltr'>interroga</span> <span class='ocrx_word' id='word_1_32' title='bbox 1359 954 1450 1020; x_wconf 29' lang='lat' dir='ltr'>‚Deus</span> <span class='ocrx_word' id='word_1_33' title='bbox 1470 962 1520 1033; x_wconf 57' lang='lat'>3&amp;</span> 
     </span>
     <span class='ocr_line' id='line_1_5' title="bbox 298 1051 1345 1154; baseline 0.002 -27"><span class='ocrx_word' id='word_1_34' title='bbox 298 1076 410 1154; x_wconf 81' lang='lat' dir='ltr'>porres</span> <span class='ocrx_word' id='word_1_35' title='bbox 430 1074 523 1139; x_wconf 82' lang='lat' dir='ltr'>tuor,</span> <span class='ocrx_word' id='word_1_36' title='bbox 546 1058 589 1127; x_wconf 52' lang='grc' dir='ltr'>(θ’</span> <span class='ocrx_word' id='word_1_37' title='bbox 602 1052 840 1124; x_wconf 77' lang='lat' dir='ltr'>annuntiabunt</span> <span class='ocrx_word' id='word_1_38' title='bbox 859 1051 926 1125; x_wconf 80' lang='lat' dir='ltr'>nbi</span> <span class='ocrx_word' id='word_1_39' title='bbox 935 1086 948 1135; x_wconf 90' lang='lat'>‚·</span> <span class='ocrx_word' id='word_1_40' title='bbox 967 1056 1009 1125; x_wconf 68' lang='lat' dir='ltr'>ts·</span> <span class='ocrx_word' id='word_1_41' title='bbox 1024 1055 1166 1141; x_wconf 81' lang='lat' dir='ltr'>seniores</span> <span class='ocrx_word' id='word_1_42' title='bbox 1182 1073 1256 1126; x_wconf 83' lang='lat' dir='ltr'>raros</span> <span class='ocrx_word' id='word_1_43' title='bbox 1266 1102 1279 1140; x_wconf 84' lang='lat'>,</span> <span class='ocrx_word' id='word_1_44' title='bbox 1300 1059 1345 1129; x_wconf 57' lang='grc' dir='ltr'>θ</span> 
     </span>
    </p>
   </div>
   <div class='ocr_carea' id='block_1_3' title="bbox 300 1153 1447 4537">
    <p class='ocr_par' dir='ltr' id='par_1_3' title="bbox 300 1153 1345 1649">
     <span class='ocr_line' id='line_1_6' title="bbox 300 1153 1345 1253; baseline 0.003 -23"><span class='ocrx_word' id='word_1_45' title='bbox 300 1161 411 1230; x_wconf 80' lang='lat' dir='ltr'>dicent</span> <span class='ocrx_word' id='word_1_46' title='bbox 429 1154 517 1230; x_wconf 80' lang='lat' dir='ltr'>risis</span> <span class='ocrx_word' id='word_1_47' title='bbox 536 1154 622 1253; x_wconf 89' lang='lat' dir='ltr'>quid</span> <span class='ocrx_word' id='word_1_48' title='bbox 642 1177 733 1253; x_wconf 83' lang='lat' dir='ltr'>ergo</span> <span class='ocrx_word' id='word_1_49' title='bbox 753 1155 931 1232; x_wconf 73' lang='lat' dir='ltr'>tendimus</span> <span class='ocrx_word' id='word_1_50' title='bbox 952 1155 1041 1231; x_wconf 92' lang='lat' dir='ltr'>ultra</span> <span class='ocrx_word' id='word_1_51' title='bbox 1062 1153 1203 1232; x_wconf 72' lang='lat' dir='ltr'>definits</span> <span class='ocrx_word' id='word_1_52' title='bbox 1230 1159 1345 1251; x_wconf 81' lang='lat' dir='ltr'>majo·</span> 
     </span>
     <span class='ocr_line' id='line_1_7' title="bbox 301 1247 1342 1353; baseline -0.003 -17"><span class='ocrx_word' id='word_1_53' title='bbox 301 1274 403 1344; x_wconf 87' lang='lat' dir='ltr'>tum,</span> <span class='ocrx_word' id='word_1_54' title='bbox 422 1269 483 1333; x_wconf 92' lang='lat' dir='ltr'>aut</span> <span class='ocrx_word' id='word_1_55' title='bbox 505 1278 569 1330; x_wconf 92' lang='lat' dir='ltr'>cor</span> <span class='ocrx_word' id='word_1_56' title='bbox 591 1258 694 1330; x_wconf 89' lang='lat' dir='ltr'>nobis</span> <span class='ocrx_word' id='word_1_57' title='bbox 719 1278 793 1329; x_wconf 87' lang='lat' dir='ltr'>non</span> <span class='ocrx_word' id='word_1_58' title='bbox 813 1247 962 1331; x_wconf 79' lang='lat' dir='ltr'>sufficit.</span> <span class='ocrx_word' id='word_1_59' title='bbox 987 1253 1010 1329; x_wconf 85' lang='lat' dir='ltr'>st</span> <span class='ocrx_word' id='word_1_60' title='bbox 1032 1256 1116 1353; x_wconf 90' lang='lat' dir='ltr'>quid</span> <span class='ocrx_word' id='word_1_61' title='bbox 1136 1259 1342 1353; x_wconf 70' lang='lat' dir='ltr'><strong>ignorantes</strong></span> 
     </span>
     <span class='ocr_line' id='line_1_8' title="bbox 301 1353 1342 1455; baseline 0.001 -22"><span class='ocrx_word' id='word_1_62' title='bbox 301 1357 432 1434; x_wconf 82' lang='lat' dir='ltr'>discere</span> <span class='ocrx_word' id='word_1_63' title='bbox 455 1357 664 1452; x_wconf 84' lang='lat' dir='ltr'>cupiamus,</span> <span class='ocrx_word' id='word_1_64' title='bbox 690 1355 838 1455; x_wconf 73' lang='lat' dir='ltr'><strong>qualiter</strong></span> <span class='ocrx_word' id='word_1_65' title='bbox 859 1360 903 1430; x_wconf 91' lang='lat' dir='ltr'>ab</span> <span class='ocrx_word' id='word_1_66' title='bbox 924 1353 1140 1431; x_wconf 80' lang='lat' dir='ltr'>orthodoxis</span> <span class='ocrx_word' id='word_1_67' title='bbox 1163 1355 1342 1445; x_wconf 81' lang='lat' dir='ltr'>Patribus,</span> 
     </span>
     <span class='ocr_line' id='line_1_9' title="bbox 302 1453 1343 1550; baseline -0.003 -16"><span class='ocrx_word' id='word_1_68' title='bbox 302 1457 559 1534; x_wconf 80' lang='lat' dir='ltr'>&amp;Senioribus</span> <span class='ocrx_word' id='word_1_69' title='bbox 582 1453 629 1530; x_wconf 85' lang='lat' dir='ltr'>sin</span> <span class='ocrx_word' id='word_1_70' title='bbox 660 1453 715 1531; x_wconf 90' lang='lat' dir='ltr'>usa</span> <span class='ocrx_word' id='word_1_71' title='bbox 733 1476 906 1550; x_wconf 83' lang='lat' dir='ltr'>quaeque,</span> <span class='ocrx_word' id='word_1_72' title='bbox 925 1453 980 1530; x_wconf 81' lang='lat' dir='ltr'>ses</span> <span class='ocrx_word' id='word_1_73' title='bbox 1002 1455 1142 1531; x_wconf 90' lang='lat' dir='ltr'>vitanda</span> <span class='ocrx_word' id='word_1_74' title='bbox 1168 1472 1343 1550; x_wconf 73' lang='lat' dir='ltr'>precepta</span> 
     </span>
     <span class='ocr_line' id='line_1_10' title="bbox 301 1479 1343 1649; baseline -0.002 -16"><span class='ocrx_word' id='word_1_75' title='bbox 301 1557 410 1641; x_wconf 90' lang='lat' dir='ltr'>sunt,</span> <span class='ocrx_word' id='word_1_76' title='bbox 435 1556 491 1630; x_wconf 87' lang='lat' dir='ltr'>vel</span> <span class='ocrx_word' id='word_1_77' title='bbox 516 1479 666 1649; x_wconf 68' lang='lat' dir='ltr'>aptanda</span> <span class='ocrx_word' id='word_1_78' title='bbox 694 1554 877 1629; x_wconf 82' lang='lat' dir='ltr'>catholicae</span> <span class='ocrx_word' id='word_1_79' title='bbox 901 1551 1065 1646; x_wconf 85' lang='lat' dir='ltr'>veritati3</span> <span class='ocrx_word' id='word_1_80' title='bbox 1091 1577 1153 1630; x_wconf 90' lang='lat' dir='ltr'>cur</span> <span class='ocrx_word' id='word_1_81' title='bbox 1188 1578 1262 1630; x_wconf 89' lang='lat' dir='ltr'>nou</span> <span class='ocrx_word' id='word_1_82' title='bbox 1288 1556 1343 1631; x_wconf 90' lang='lat' dir='ltr'>his</span> 
     </span>
    </p>

    <p class='ocr_par' dir='ltr' id='par_1_4' title="bbox 302 1647 1345 1941">
     <span class='ocr_line' id='line_1_11' title="bbox 330 1647 1345 1750; baseline 0.003 -22"><span class='ocrx_word' id='word_1_83' title='bbox 330 1656 499 1733; x_wconf 89' lang='lat' dir='ltr'>robanrut</span> <span class='ocrx_word' id='word_1_84' title='bbox 520 1649 587 1728; x_wconf 89' lang='lat' dir='ltr'>esse</span> <span class='ocrx_word' id='word_1_85' title='bbox 609 1651 774 1728; x_wconf 81' lang='lat' dir='ltr'>decreta?</span> <span class='ocrx_word' id='word_1_86' title='bbox 794 1647 968 1750; x_wconf 89' lang='lat' dir='ltr'>Nunquid</span> <span class='ocrx_word' id='word_1_87' title='bbox 988 1669 1047 1728; x_wconf 90' lang='lat' dir='ltr'>aut</span> <span class='ocrx_word' id='word_1_88' title='bbox 1062 1652 1286 1748; x_wconf 80' lang='lat' dir='ltr'>sapientiores</span> <span class='ocrx_word' id='word_1_89' title='bbox 1302 1648 1345 1731; x_wconf 88' lang='lat' dir='ltr'>il·</span> 
     </span>
     <span class='ocr_line' id='line_1_12' title="bbox 302 1675 1343 1847; baseline 0 -15"><span class='ocrx_word' id='word_1_90' title='bbox 302 1675 344 1832; x_wconf 58' lang='lat' dir='ltr'>ds</span> <span class='ocrx_word' id='word_1_91' title='bbox 364 1754 501 1836; x_wconf 84' lang='lat' dir='ltr'>santus,</span> <span class='ocrx_word' id='word_1_92' title='bbox 523 1770 583 1829; x_wconf 93' lang='lat' dir='ltr'>aut</span> <span class='ocrx_word' id='word_1_93' title='bbox 605 1756 799 1847; x_wconf 81' lang='lat' dir='ltr'>poterimus</span> <span class='ocrx_word' id='word_1_94' title='bbox 815 1752 913 1829; x_wconf 86' lang='lat' dir='ltr'>sirma</span> <span class='ocrx_word' id='word_1_95' title='bbox 934 1753 1114 1829; x_wconf 82' lang='lat' dir='ltr'>stabilitate</span> <span class='ocrx_word' id='word_1_96' title='bbox 1135 1751 1343 1842; x_wconf 81' lang='lat' dir='ltr'>consistere,</span> 
     </span>
     <span class='ocr_line' id='line_1_13' title="bbox 302 1852 1294 1941; baseline -0.005 -11"><span class='ocrx_word' id='word_1_97' title='bbox 302 1853 328 1930; x_wconf 84' lang='lat' dir='ltr'>st</span> <span class='ocrx_word' id='word_1_98' title='bbox 352 1879 413 1941; x_wconf 87' lang='lat' dir='ltr'>ea,</span> <span class='ocrx_word' id='word_1_99' title='bbox 456 1875 510 1930; x_wconf 81' lang='lat' dir='ltr'>uae</span> <span class='ocrx_word' id='word_1_100' title='bbox 529 1855 573 1927; x_wconf 92' lang='lat' dir='ltr'>ab</span> <span class='ocrx_word' id='word_1_101' title='bbox 592 1852 657 1927; x_wconf 84' lang='lat' dir='ltr'>iliis</span> <span class='ocrx_word' id='word_1_102' title='bbox 674 1853 862 1929; x_wconf 77' lang='lat' dir='ltr'>constituta</span> <span class='ocrx_word' id='word_1_103' title='bbox 882 1853 980 1936; x_wconf 83' lang='lat' dir='ltr'>sunt,</span> <span class='ocrx_word' id='word_1_104' title='bbox 998 1852 1201 1929; x_wconf 85' lang='lat' dir='ltr'>subruamus</span> <span class='ocrx_word' id='word_1_105' title='bbox 1222 1895 1294 1939; x_wconf 70' lang='lat'>„‚,.</span> 
     </span>
    </p>

    <p class='ocr_par' dir='ltr' id='par_1_5' title="bbox 304 1878 1447 4041">
     <span class='ocr_line' id='line_1_14' title="bbox 339 1878 1345 2044; baseline 0.002 -20"><span class='ocrx_word' id='word_1_106' title='bbox 339 1952 406 2031; x_wconf 75' lang='lat' dir='ltr'>,lta</span> <span class='ocrx_word' id='word_1_107' title='bbox 431 1878 639 2029; x_wconf 51' lang='lat' dir='ltr'>domitium</span> <span class='ocrx_word' id='word_1_108' title='bbox 659 1951 893 2032; x_wconf 76' lang='lat' dir='ltr'>Trussanum,</span> <span class='ocrx_word' id='word_1_109' title='bbox 916 1970 992 2030; x_wconf 86' lang='lat' dir='ltr'>can.</span> <span class='ocrx_word' id='word_1_110' title='bbox 1018 1967 1074 2044; x_wconf 86' lang='lat'>19.</span> <span class='ocrx_word' id='word_1_111' title='bbox 1095 2005 1119 2039; x_wconf 89' lang='lat'>„</span> <span class='ocrx_word' id='word_1_112' title='bbox 1134 2000 1157 2034; x_wconf 91' lang='lat'><strong>„</strong></span> <span class='ocrx_word' id='word_1_113' title='bbox 1182 1949 1345 2044; x_wconf 82' lang='lat' dir='ltr'>Oportet</span> 
     </span>
     <span class='ocr_line' id='line_1_15' title="bbox 304 2050 1369 2152; baseline 0 -24"><span class='ocrx_word' id='word_1_114' title='bbox 304 2075 392 2140; x_wconf 89' lang='lat' dir='ltr'>eos,</span> <span class='ocrx_word' id='word_1_115' title='bbox 417 2055 479 2152; x_wconf 93' lang='lat' dir='ltr'>qui</span> <span class='ocrx_word' id='word_1_116' title='bbox 506 2051 656 2148; x_wconf 75' lang='lat' dir='ltr'>prosunt</span> <span class='ocrx_word' id='word_1_117' title='bbox 671 2050 848 2136; x_wconf 81' lang='lat' dir='ltr'>Ecclessis,</span> <span class='ocrx_word' id='word_1_118' title='bbox 871 2055 906 2128; x_wconf 93' lang='lat' dir='ltr'>in</span> <span class='ocrx_word' id='word_1_119' title='bbox 929 2053 1096 2129; x_wconf 89' lang='lat' dir='ltr'>omnibus</span> <span class='ocrx_word' id='word_1_120' title='bbox 1114 2051 1258 2150; x_wconf 89' lang='lat' dir='ltr'>quidem</span> <span class='ocrx_word' id='word_1_121' title='bbox 1273 2054 1369 2128; x_wconf 81' lang='lat' dir='ltr'>die··</span> 
     </span>
     <span class='ocr_line' id='line_1_16' title="bbox 304 2139 1447 2249; baseline 0 -20"><span class='ocrx_word' id='word_1_122' title='bbox 304 2151 393 2232; x_wconf 84' lang='lat' dir='ltr'>bus,</span> <span class='ocrx_word' id='word_1_123' title='bbox 421 2153 478 2227; x_wconf 88' lang='lat' dir='ltr'>sed</span> <span class='ocrx_word' id='word_1_124' title='bbox 502 2155 678 2249; x_wconf 77' lang='lat' dir='ltr'>praecipue</span> <span class='ocrx_word' id='word_1_125' title='bbox 701 2149 931 2236; x_wconf 77' lang='lat' dir='ltr'>Dominicis,</span> <span class='ocrx_word' id='word_1_126' title='bbox 955 2173 1103 2228; x_wconf 89' lang='lat' dir='ltr'>omnem</span> <span class='ocrx_word' id='word_1_127' title='bbox 1126 2150 1281 2237; x_wconf 82' lang='lat' dir='ltr'>clerum,</span> <span class='ocrx_word' id='word_1_128' title='bbox 1309 2158 1348 2229; x_wconf 84' lang='lat'>&amp;</span> <span class='ocrx_word' id='word_1_129' title='bbox 1438 2139 1447 2194; x_wconf 81' lang='lat' dir='ltr'>t</span> 
     </span>
     <span class='ocr_line' id='line_1_17' title="bbox 305 2249 1351 2351; baseline 0.003 -24"><span class='ocrx_word' id='word_1_130' title='bbox 305 2253 483 2351; x_wconf 84' lang='lat' dir='ltr'>populum</span> <span class='ocrx_word' id='word_1_131' title='bbox 511 2251 642 2341; x_wconf 85' lang='lat' dir='ltr'>docere</span> <span class='ocrx_word' id='word_1_132' title='bbox 669 2252 808 2347; x_wconf 83' lang='lat' dir='ltr'>pietatis</span> <span class='ocrx_word' id='word_1_133' title='bbox 827 2251 894 2333; x_wconf 74' lang='lat' dir='ltr'>‚se</span> <span class='ocrx_word' id='word_1_134' title='bbox 933 2251 1035 2330; x_wconf 80' lang='lat' dir='ltr'>restae</span> <span class='ocrx_word' id='word_1_135' title='bbox 1067 2249 1247 2346; x_wconf 77' lang='lat' dir='ltr'>religionis</span> <span class='ocrx_word' id='word_1_136' title='bbox 1273 2252 1351 2330; x_wconf 80' lang='lat' dir='ltr'>elo&#39;·</span> 
     </span>
     <span class='ocr_line' id='line_1_18' title="bbox 304 2349 1344 2450; baseline 0.002 -19"><span class='ocrx_word' id='word_1_137' title='bbox 304 2355 410 2450; x_wconf 89' lang='lat' dir='ltr'>quia,</span> <span class='ocrx_word' id='word_1_138' title='bbox 436 2367 482 2427; x_wconf 83' lang='lat' dir='ltr'>ert</span> <span class='ocrx_word' id='word_1_139' title='bbox 505 2352 622 2426; x_wconf 88' lang='lat' dir='ltr'>divina</span> <span class='ocrx_word' id='word_1_140' title='bbox 644 2349 1052 2448; x_wconf 71' lang='lat' dir='ltr'>Scripturacossigentes</span> <span class='ocrx_word' id='word_1_141' title='bbox 1078 2351 1344 2441; x_wconf 69' lang='lat' dir='ltr'>intelligentias,</span> 
     </span>
     <span class='ocr_line' id='line_1_19' title="bbox 306 2449 1349 2549; baseline 0 -22"><span class='ocrx_word' id='word_1_142' title='bbox 306 2454 342 2527; x_wconf 73' lang='grc' dir='ltr'><strong>ἃ</strong></span> <span class='ocrx_word' id='word_1_143' title='bbox 374 2451 501 2545; x_wconf 84' lang='lat' dir='ltr'>judicia</span> <span class='ocrx_word' id='word_1_144' title='bbox 527 2451 755 2542; x_wconf 81' lang='lat' dir='ltr'>veritatis3&amp;</span> <span class='ocrx_word' id='word_1_145' title='bbox 783 2461 857 2539; x_wconf 78' lang='lat' dir='ltr'>ndu</span> <span class='ocrx_word' id='word_1_146' title='bbox 879 2449 1168 2547; x_wconf 81' lang='lat' dir='ltr'>transgredientes</span> <span class='ocrx_word' id='word_1_147' title='bbox 1186 2454 1257 2540; x_wconf 86' lang='lat' dir='ltr'>jam</span> <span class='ocrx_word' id='word_1_148' title='bbox 1280 2476 1349 2549; x_wconf 80' lang='lat' dir='ltr'>po·</span> 
     </span>
     <span class='ocr_line' id='line_1_20' title="bbox 305 2547 1389 2634; baseline -0.003 -7"><span class='ocrx_word' id='word_1_149' title='bbox 305 2550 391 2627; x_wconf 81' lang='lat' dir='ltr'>siros</span> <span class='ocrx_word' id='word_1_150' title='bbox 414 2553 610 2634; x_wconf 86' lang='lat' dir='ltr'>terminos,</span> <span class='ocrx_word' id='word_1_151' title='bbox 639 2551 692 2627; x_wconf 85' lang='lat' dir='ltr'>ves</span> <span class='ocrx_word' id='word_1_152' title='bbox 715 2551 920 2627; x_wconf 88' lang='lat' dir='ltr'>divinorum</span> <span class='ocrx_word' id='word_1_153' title='bbox 948 2547 1087 2628; x_wconf 85' lang='lat' dir='ltr'>Pattum</span> <span class='ocrx_word' id='word_1_154' title='bbox 1109 2551 1355 2629; x_wconf 76' lang='lat' dir='ltr'>traditionem·</span> <span class='ocrx_word' id='word_1_155' title='bbox 1386 2591 1389 2594; x_wconf 57' lang='lat'><strong>&gt;</strong></span> 
     </span>
     <span class='ocr_line' id='line_1_21' title="bbox 305 2647 1350 2747; baseline -0.001 -19"><span class='ocrx_word' id='word_1_156' title='bbox 305 2648 435 2728; x_wconf 82' lang='lat' dir='ltr'>Sed&amp;</span> <span class='ocrx_word' id='word_1_157' title='bbox 462 2647 485 2725; x_wconf 83' lang='lat' dir='ltr'>si</span> <span class='ocrx_word' id='word_1_158' title='bbox 508 2650 552 2725; x_wconf 88' lang='lat' dir='ltr'>ad</span> <span class='ocrx_word' id='word_1_159' title='bbox 577 2649 793 2745; x_wconf 76' lang='lat' dir='ltr'>Scriptorum</span> <span class='ocrx_word' id='word_1_160' title='bbox 820 2655 996 2747; x_wconf 86' lang='lat' dir='ltr'>pertinens</span> <span class='ocrx_word' id='word_1_161' title='bbox 1021 2649 1261 2727; x_wconf 78' lang='lat' dir='ltr'>controversia</span> <span class='ocrx_word' id='word_1_162' title='bbox 1289 2653 1350 2729; x_wconf 78' lang='lat' dir='ltr'>asi-</span> 
     </span>
     <span class='ocr_line' id='line_1_22' title="bbox 307 2748 1346 2850; baseline -0.001 -23"><span class='ocrx_word' id='word_1_163' title='bbox 307 2776 376 2850; x_wconf 86' lang='lat' dir='ltr'>qua</span> <span class='ocrx_word' id='word_1_164' title='bbox 406 2754 556 2826; x_wconf 84' lang='lat' dir='ltr'>excitata</span> <span class='ocrx_word' id='word_1_165' title='bbox 584 2748 712 2835; x_wconf 86' lang='lat' dir='ltr'>suerit,</span> <span class='ocrx_word' id='word_1_166' title='bbox 736 2775 781 2825; x_wconf 88' lang='lat' dir='ltr'>ne</span> <span class='ocrx_word' id='word_1_167' title='bbox 812 2769 888 2825; x_wconf 89' lang='lat' dir='ltr'>eam</span> <span class='ocrx_word' id='word_1_168' title='bbox 924 2752 1021 2825; x_wconf 84' lang='lat' dir='ltr'>aliter</span> <span class='ocrx_word' id='word_1_169' title='bbox 1046 2754 1346 2846; x_wconf 80' lang='lat' dir='ltr'>interpretentur,</span> 
     </span>
     <span class='ocr_line' id='line_1_23' title="bbox 308 2841 1349 2949; baseline 0.002 -23"><span class='ocrx_word' id='word_1_170' title='bbox 308 2871 416 2949; x_wconf 84' lang='lat' dir='ltr'>quant</span> <span class='ocrx_word' id='word_1_171' title='bbox 432 2848 630 2948; x_wconf 75' lang='lat' dir='ltr'>vquomodo</span> <span class='ocrx_word' id='word_1_172' title='bbox 647 2841 805 2924; x_wconf 80' lang='lat' dir='ltr'>Ecclesrae</span> <span class='ocrx_word' id='word_1_173' title='bbox 822 2849 1022 2933; x_wconf 78' lang='lat' dir='ltr'>luminaria,</span> <span class='ocrx_word' id='word_1_174' title='bbox 1040 2851 1074 2924; x_wconf 72' lang='grc' dir='ltr'>ἃ</span> <span class='ocrx_word' id='word_1_175' title='bbox 1089 2845 1267 2926; x_wconf 75' lang='lat' dir='ltr'>Dosiores</span> <span class='ocrx_word' id='word_1_176' title='bbox 1283 2847 1349 2928; x_wconf 86' lang='lat' dir='ltr'>suis</span> 
     </span>
     <span class='ocr_line' id='line_1_24' title="bbox 305 2945 1350 3046; baseline 0.001 -20"><span class='ocrx_word' id='word_1_177' title='bbox 305 2952 440 3046; x_wconf 90' lang='lat' dir='ltr'>scriptis</span> <span class='ocrx_word' id='word_1_178' title='bbox 467 2945 735 3044; x_wconf 81' lang='lat' dir='ltr'>exposuerunr3</span> <span class='ocrx_word' id='word_1_179' title='bbox 754 2952 789 3022; x_wconf 89' lang='lat'>&amp;</span> <span class='ocrx_word' id='word_1_180' title='bbox 813 2951 985 3040; x_wconf 87' lang='lat' dir='ltr'>majorem</span> <span class='ocrx_word' id='word_1_181' title='bbox 1007 2964 1052 3021; x_wconf 84' lang='lat' dir='ltr'>ex</span> <span class='ocrx_word' id='word_1_182' title='bbox 1082 2954 1120 3025; x_wconf 87' lang='lat' dir='ltr'>iis</span> <span class='ocrx_word' id='word_1_183' title='bbox 1139 2951 1279 3025; x_wconf 78' lang='lat' dir='ltr'>laudem</span> <span class='ocrx_word' id='word_1_184' title='bbox 1300 2954 1350 3027; x_wconf 90' lang='lat' dir='ltr'>as·</span> 
     </span>
     <span class='ocr_line' id='line_1_25' title="bbox 306 3047 1399 3144; baseline 0.002 -19"><span class='ocrx_word' id='word_1_185' title='bbox 306 3048 496 3144; x_wconf 72' lang='lat' dir='ltr'>sequnntur</span> <span class='ocrx_word' id='word_1_186' title='bbox 514 3097 523 3130; x_wconf 92' lang='lat'>‚</span> <span class='ocrx_word' id='word_1_187' title='bbox 538 3068 644 3144; x_wconf 89' lang='lat' dir='ltr'>quam</span> <span class='ocrx_word' id='word_1_188' title='bbox 666 3047 688 3121; x_wconf 89' lang='lat' dir='ltr'>sr</span> <span class='ocrx_word' id='word_1_189' title='bbox 710 3071 788 3141; x_wconf 83' lang='lat' dir='ltr'>quae</span> <span class='ocrx_word' id='word_1_190' title='bbox 811 3071 829 3121; x_wconf 81' lang='lat' dir='ltr'>a</span> <span class='ocrx_word' id='word_1_191' title='bbox 849 3047 880 3121; x_wconf 89' lang='lat' dir='ltr'>se</span> <span class='ocrx_word' id='word_1_192' title='bbox 896 3047 1063 3123; x_wconf 89' lang='lat' dir='ltr'>dicuntur</span> <span class='ocrx_word' id='word_1_193' title='bbox 1079 3070 1347 3144; x_wconf 65' lang='lat' dir='ltr'>,componants</span> <span class='ocrx_word' id='word_1_194' title='bbox 1396 3107 1399 3113; x_wconf 63' lang='grc'><strong>«</strong></span> 
     </span>
     <span class='ocr_line' id='line_1_26' title="bbox 309 3145 1430 3245; baseline 0 -20"><span class='ocrx_word' id='word_1_195' title='bbox 309 3172 355 3225; x_wconf 88' lang='lat' dir='ltr'>ne</span> <span class='ocrx_word' id='word_1_196' title='bbox 382 3149 469 3224; x_wconf 89' lang='lat' dir='ltr'>dum</span> <span class='ocrx_word' id='word_1_197' title='bbox 504 3148 721 3245; x_wconf 90' lang='lat' dir='ltr'>quandoque</span> <span class='ocrx_word' id='word_1_198' title='bbox 742 3148 785 3220; x_wconf 86' lang='lat' dir='ltr'>ad</span> <span class='ocrx_word' id='word_1_199' title='bbox 820 3146 854 3220; x_wconf 90' lang='lat' dir='ltr'>id</span> <span class='ocrx_word' id='word_1_200' title='bbox 882 3145 1060 3225; x_wconf 74' lang='lat' dir='ltr'>uastant,</span> <span class='ocrx_word' id='word_1_201' title='bbox 1085 3151 1129 3221; x_wconf 88' lang='lat' dir='ltr'>ab</span> <span class='ocrx_word' id='word_1_202' title='bbox 1155 3172 1223 3225; x_wconf 82' lang='lat' dir='ltr'>eo,</span> <span class='ocrx_word' id='word_1_203' title='bbox 1245 3148 1348 3245; x_wconf 90' lang='lat' dir='ltr'>quod</span> <span class='ocrx_word' id='word_1_204' title='bbox 1407 3190 1430 3225; x_wconf 58' lang='grc' dir='ltr'>,ν</span> 
     </span>
     <span class='ocr_line' id='line_1_27' title="bbox 310 3245 1348 3341; baseline 0.003 -19"><span class='ocrx_word' id='word_1_205' title='bbox 310 3251 503 3329; x_wconf 84' lang='lat' dir='ltr'>convenit,</span> <span class='ocrx_word' id='word_1_206' title='bbox 530 3246 706 3323; x_wconf 79' lang='lat' dir='ltr'>excidant.</span> <span class='ocrx_word' id='word_1_207' title='bbox 736 3245 800 3322; x_wconf 86' lang='lat' dir='ltr'>Per</span> <span class='ocrx_word' id='word_1_208' title='bbox 823 3245 1069 3341; x_wconf 76' lang='lat' dir='ltr'>praeditiorum</span> <span class='ocrx_word' id='word_1_209' title='bbox 1087 3250 1180 3321; x_wconf 89' lang='lat' dir='ltr'>enirn</span> <span class='ocrx_word' id='word_1_210' title='bbox 1203 3248 1348 3325; x_wconf 77' lang='lat' dir='ltr'>Parrum</span> 
     </span>
     <span class='ocr_line' id='line_1_28' title="bbox 311 3346 1348 3443; baseline -0.001 -20"><span class='ocrx_word' id='word_1_211' title='bbox 311 3350 528 3426; x_wconf 79' lang='lat' dir='ltr'>doctrinam,</span> <span class='ocrx_word' id='word_1_212' title='bbox 555 3346 680 3443; x_wconf 85' lang='lat' dir='ltr'>popuii</span> <span class='ocrx_word' id='word_1_213' title='bbox 706 3346 749 3419; x_wconf 85' lang='lat' dir='ltr'>ad</span> <span class='ocrx_word' id='word_1_214' title='bbox 774 3368 925 3430; x_wconf 89' lang='lat' dir='ltr'>eorum,</span> <span class='ocrx_word' id='word_1_215' title='bbox 953 3367 1032 3439; x_wconf 80' lang='lat' dir='ltr'>quae</span> <span class='ocrx_word' id='word_1_216' title='bbox 1056 3346 1134 3423; x_wconf 91' lang='lat' dir='ltr'>sunt</span> <span class='ocrx_word' id='word_1_217' title='bbox 1161 3348 1284 3431; x_wconf 77' lang='lat' dir='ltr'>bona,</span> <span class='ocrx_word' id='word_1_218' title='bbox 1310 3350 1348 3422; x_wconf 80' lang='lat' dir='ltr'>sc</span> 
     </span>
     <span class='ocr_line' id='line_1_29' title="bbox 311 3445 1349 3542; baseline 0.001 -20"><span class='ocrx_word' id='word_1_219' title='bbox 311 3448 534 3542; x_wconf 80' lang='lat' dir='ltr'>expetenda,</span> <span class='ocrx_word' id='word_1_220' title='bbox 555 3448 590 3522; x_wconf 75' lang='lat' dir='ltr'>sc</span> <span class='ocrx_word' id='word_1_221' title='bbox 615 3445 773 3526; x_wconf 82' lang='lat' dir='ltr'>inutilia,</span> <span class='ocrx_word' id='word_1_222' title='bbox 794 3467 835 3522; x_wconf 84' lang='lat' dir='ltr'>sc</span> <span class='ocrx_word' id='word_1_223' title='bbox 863 3446 1075 3541; x_wconf 85' lang='lat' dir='ltr'>rejicienda,</span> <span class='ocrx_word' id='word_1_224' title='bbox 1097 3451 1349 3541; x_wconf 83' lang='lat' dir='ltr'>cognitionem</span> 
     </span>
     <span class='ocr_line' id='line_1_30' title="bbox 313 3546 1350 3642; baseline 0 -20"><span class='ocrx_word' id='word_1_225' title='bbox 313 3554 514 3630; x_wconf 87' lang='lat' dir='ltr'>venientes,</span> <span class='ocrx_word' id='word_1_226' title='bbox 530 3549 635 3620; x_wconf 89' lang='lat' dir='ltr'>vitam</span> <span class='ocrx_word' id='word_1_227' title='bbox 651 3549 686 3619; x_wconf 89' lang='lat' dir='ltr'>in</span> <span class='ocrx_word' id='word_1_228' title='bbox 705 3546 828 3621; x_wconf 81' lang='lat' dir='ltr'>arelius</span> <span class='ocrx_word' id='word_1_229' title='bbox 841 3560 1092 3641; x_wconf 65' lang='lat' dir='ltr'>componunt,</span> <span class='ocrx_word' id='word_1_230' title='bbox 1109 3569 1175 3620; x_wconf 88' lang='lat' dir='ltr'>nec</span> <span class='ocrx_word' id='word_1_231' title='bbox 1196 3548 1230 3619; x_wconf 93' lang='lat' dir='ltr'>in</span> <span class='ocrx_word' id='word_1_232' title='bbox 1243 3552 1350 3642; x_wconf 84' lang='lat' dir='ltr'>igno·</span> 
     </span>
     <span class='ocr_line' id='line_1_31' title="bbox 314 3644 1350 3734; baseline 0.002 -16"><span class='ocrx_word' id='word_1_233' title='bbox 314 3651 433 3721; x_wconf 83' lang='lat' dir='ltr'>rantiae</span> <span class='ocrx_word' id='word_1_234' title='bbox 459 3651 585 3722; x_wconf 90' lang='lat' dir='ltr'>vitium</span> <span class='ocrx_word' id='word_1_235' title='bbox 606 3644 837 3734; x_wconf 77' lang='lat' dir='ltr'>delabuntur3</span> <span class='ocrx_word' id='word_1_236' title='bbox 857 3645 912 3720; x_wconf 91' lang='lat' dir='ltr'>sed</span> <span class='ocrx_word' id='word_1_237' title='bbox 935 3644 1103 3720; x_wconf 77' lang='lat' dir='ltr'>doslrinae</span> <span class='ocrx_word' id='word_1_238' title='bbox 1116 3662 1272 3723; x_wconf 83' lang='lat' dir='ltr'>montem</span> <span class='ocrx_word' id='word_1_239' title='bbox 1286 3645 1350 3720; x_wconf 87' lang='lat' dir='ltr'>ad·</span> 
     </span>
     <span class='ocr_line' id='line_1_32' title="bbox 314 3744 1351 3842; baseline 0 -21"><span class='ocrx_word' id='word_1_240' title='bbox 314 3748 496 3829; x_wconf 87' lang='lat' dir='ltr'>hibentes,</span> <span class='ocrx_word' id='word_1_241' title='bbox 519 3746 643 3842; x_wconf 74' lang='lat' dir='ltr'>seipsos</span> <span class='ocrx_word' id='word_1_242' title='bbox 656 3744 697 3820; x_wconf 91' lang='lat' dir='ltr'>ad</span> <span class='ocrx_word' id='word_1_243' title='bbox 714 3746 747 3818; x_wconf 93' lang='lat' dir='ltr'>id</span> <span class='ocrx_word' id='word_1_244' title='bbox 762 3800 770 3827; x_wconf 90' lang='lat'>,</span> <span class='ocrx_word' id='word_1_245' title='bbox 792 3769 835 3819; x_wconf 90' lang='lat' dir='ltr'>ne</span> <span class='ocrx_word' id='word_1_246' title='bbox 848 3744 929 3818; x_wconf 89' lang='lat' dir='ltr'>masi</span> <span class='ocrx_word' id='word_1_247' title='bbox 946 3745 1033 3841; x_wconf 90' lang='lat' dir='ltr'>quid</span> <span class='ocrx_word' id='word_1_248' title='bbox 1048 3750 1096 3819; x_wconf 91' lang='lat' dir='ltr'>eis</span> <span class='ocrx_word' id='word_1_249' title='bbox 1115 3745 1270 3829; x_wconf 84' lang='lat' dir='ltr'>accidat,</span> <span class='ocrx_word' id='word_1_250' title='bbox 1286 3765 1351 3821; x_wconf 83' lang='lat' dir='ltr'>ex·</span> 
     </span>
     <span class='ocr_line' id='line_1_33' title="bbox 314 3842 1354 3939; baseline -0.002 -18"><span class='ocrx_word' id='word_1_251' title='bbox 314 3850 447 3937; x_wconf 90' lang='lat' dir='ltr'>citant;</span> <span class='ocrx_word' id='word_1_252' title='bbox 471 3848 506 3919; x_wconf 73' lang='grc' dir='ltr'>δι</span> <span class='ocrx_word' id='word_1_253' title='bbox 533 3846 795 3920; x_wconf 77' lang='lat' dir='ltr'>inrrninontiunt</span> <span class='ocrx_word' id='word_1_254' title='bbox 818 3842 1069 3939; x_wconf 84' lang='lat' dir='ltr'>suppliciorum</span> <span class='ocrx_word' id='word_1_255' title='bbox 1094 3865 1193 3922; x_wconf 89' lang='lat' dir='ltr'>meru</span> <span class='ocrx_word' id='word_1_256' title='bbox 1222 3845 1282 3921; x_wconf 87' lang='lat' dir='ltr'>srbi</span> <span class='ocrx_word' id='word_1_257' title='bbox 1303 3844 1321 3919; x_wconf 93' lang='lat' dir='ltr'>s</span> <span class='ocrx_word' id='word_1_258' title='bbox 1334 3887 1354 3912; x_wconf 87' lang='lat'><strong>·</strong></span> 
     </span>
     <span class='ocr_line' id='line_1_34' title="bbox 314 3946 756 4041; baseline -0.005 -22"><span class='ocrx_word' id='word_1_259' title='bbox 314 3946 426 4022; x_wconf 85' lang='lat' dir='ltr'>sutem</span> <span class='ocrx_word' id='word_1_260' title='bbox 457 3961 650 4041; x_wconf 87' lang='lat' dir='ltr'>operantur</span> <span class='ocrx_word' id='word_1_261' title='bbox 676 3987 698 4027; x_wconf 73' lang='lat'>5,</span> <span class='ocrx_word' id='word_1_262' title='bbox 717 3999 756 4027; x_wconf 85' lang='lat'>,‚.</span> 
     </span>
    </p>

    <p class='ocr_par' dir='ltr' id='par_1_6' title="bbox 316 4037 1416 4537">
     <span class='ocr_line' id='line_1_35' title="bbox 367 4037 1416 4139; baseline 0.002 -20"><span class='ocrx_word' id='word_1_263' title='bbox 367 4045 417 4120; x_wconf 88' lang='lat' dir='ltr'>sta</span> <span class='ocrx_word' id='word_1_264' title='bbox 438 4043 643 4122; x_wconf 84' lang='lat' dir='ltr'>Concilium</span> <span class='ocrx_word' id='word_1_265' title='bbox 668 4037 1149 4139; x_wconf 74' lang='lat' dir='ltr'>Constantinopolitapum4</span> <span class='ocrx_word' id='word_1_266' title='bbox 1177 4040 1361 4122; x_wconf 84' lang='lat' dir='ltr'>Oecunre·</span> <span class='ocrx_word' id='word_1_267' title='bbox 1411 4113 1416 4121; x_wconf 62' lang='lat'><em>„</em></span> 
     </span>
     <span class='ocr_line' id='line_1_36' title="bbox 316 4139 1360 4238; baseline -0.001 -20"><span class='ocrx_word' id='word_1_268' title='bbox 316 4145 438 4220; x_wconf 89' lang='lat' dir='ltr'>nicum</span> <span class='ocrx_word' id='word_1_269' title='bbox 455 4157 486 4216; x_wconf 84' lang='lat'>8.</span> <span class='ocrx_word' id='word_1_270' title='bbox 506 4168 581 4219; x_wconf 88' lang='lat' dir='ltr'>can.</span> <span class='ocrx_word' id='word_1_271' title='bbox 604 4166 632 4224; x_wconf 88' lang='grc' dir='ltr'>ι.</span> <span class='ocrx_word' id='word_1_272' title='bbox 654 4146 757 4238; x_wconf 76' lang='lat' dir='ltr'>cujus</span> <span class='ocrx_word' id='word_1_273' title='bbox 787 4142 862 4217; x_wconf 83' lang='lat' dir='ltr'>haec</span> <span class='ocrx_word' id='word_1_274' title='bbox 883 4141 962 4216; x_wconf 90' lang='lat' dir='ltr'>sunt</span> <span class='ocrx_word' id='word_1_275' title='bbox 985 4147 1116 4222; x_wconf 82' lang='lat' dir='ltr'>verba:</span> <span class='ocrx_word' id='word_1_276' title='bbox 1146 4200 1167 4232; x_wconf 66' lang='lat' dir='ltr'>s</span> <span class='ocrx_word' id='word_1_277' title='bbox 1187 4200 1208 4233; x_wconf 60' lang='grc' dir='ltr'><strong><em>η</em></strong></span> <span class='ocrx_word' id='word_1_278' title='bbox 1235 4139 1284 4218; x_wconf 90' lang='lat' dir='ltr'>Ut</span> <span class='ocrx_word' id='word_1_279' title='bbox 1305 4168 1360 4219; x_wconf 83' lang='lat' dir='ltr'>re·</span> 
     </span>
     <span class='ocr_line' id='line_1_37' title="bbox 318 4241 1358 4339; baseline -0.001 -20"><span class='ocrx_word' id='word_1_280' title='bbox 318 4242 440 4323; x_wconf 75' lang='lat' dir='ltr'>siant,</span> <span class='ocrx_word' id='word_1_281' title='bbox 472 4247 676 4339; x_wconf 78' lang='lat' dir='ltr'>regiamque</span> <span class='ocrx_word' id='word_1_282' title='bbox 703 4242 830 4316; x_wconf 73' lang='lat' dir='ltr'>divinae</span> <span class='ocrx_word' id='word_1_283' title='bbox 855 4242 991 4337; x_wconf 71' lang='lat' dir='ltr'>justitio</span> <span class='ocrx_word' id='word_1_284' title='bbox 1016 4244 1106 4316; x_wconf 84' lang='lat' dir='ltr'>viam</span> <span class='ocrx_word' id='word_1_285' title='bbox 1138 4241 1208 4316; x_wconf 87' lang='lat' dir='ltr'>stne</span> <span class='ocrx_word' id='word_1_286' title='bbox 1230 4246 1358 4318; x_wconf 86' lang='lat' dir='ltr'>erroris</span> 
     </span>
     <span class='ocr_line' id='line_1_38' title="bbox 320 4338 1358 4426; baseline 0.001 -10"><span class='ocrx_word' id='word_1_287' title='bbox 320 4341 450 4416; x_wconf 84' lang='lat' dir='ltr'>offensa</span> <span class='ocrx_word' id='word_1_288' title='bbox 471 4358 672 4426; x_wconf 88' lang='lat' dir='ltr'>teneamus,</span> <span class='ocrx_word' id='word_1_289' title='bbox 695 4342 891 4417; x_wconf 78' lang='lat' dir='ltr'>sansiorom</span> <span class='ocrx_word' id='word_1_290' title='bbox 908 4338 1050 4416; x_wconf 85' lang='lat' dir='ltr'>Parrum</span> <span class='ocrx_word' id='word_1_291' title='bbox 1073 4340 1245 4421; x_wconf 87' lang='lat' dir='ltr'>Decreta,</span> <span class='ocrx_word' id='word_1_292' title='bbox 1262 4344 1358 4417; x_wconf 81' lang='lat' dir='ltr'>reiut</span> 
     </span>
     <span class='ocr_line' id='line_1_39' title="bbox 318 4440 1359 4537; baseline -0.002 -21"><span class='ocrx_word' id='word_1_293' title='bbox 318 4441 517 4516; x_wconf 77' lang='lat' dir='ltr'>inextinttae</span> <span class='ocrx_word' id='word_1_294' title='bbox 552 4440 714 4537; x_wconf 74' lang='lat' dir='ltr'>quasdam</span> <span class='ocrx_word' id='word_1_295' title='bbox 735 4496 744 4524; x_wconf 85' lang='lat'>,</span> <span class='ocrx_word' id='word_1_296' title='bbox 768 4441 974 4537; x_wconf 82' lang='lat' dir='ltr'>semperque</span> <span class='ocrx_word' id='word_1_297' title='bbox 996 4441 1152 4515; x_wconf 85' lang='lat' dir='ltr'>lucentes</span> <span class='ocrx_word' id='word_1_298' title='bbox 1179 4442 1290 4523; x_wconf 84' lang='lat' dir='ltr'>iaces,</span> <span class='ocrx_word' id='word_1_299' title='bbox 1310 4441 1359 4514; x_wconf 87' lang='lat' dir='ltr'>se·</span> 
     </span>
    </p>
   </div>
   <div class='ocr_carea' id='block_1_4' title="bbox 321 4537 1361 4734">
    <p class='ocr_par' dir='ltr' id='par_1_7' title="bbox 321 4537 1361 4734">
     <span class='ocr_line' id='line_1_40' title="bbox 321 4537 1361 4640; baseline -0.003 -21"><span class='ocrx_word' id='word_1_300' title='bbox 321 4540 462 4640; x_wconf 85' lang='lat' dir='ltr'>quenda</span> <span class='ocrx_word' id='word_1_301' title='bbox 481 4539 570 4615; x_wconf 86' lang='lat' dir='ltr'>sunt·</span> <span class='ocrx_word' id='word_1_302' title='bbox 594 4541 826 4638; x_wconf 86' lang='lat' dir='ltr'>Quapropter</span> <span class='ocrx_word' id='word_1_303' title='bbox 839 4539 1041 4617; x_wconf 75' lang='lat' dir='ltr'>sanctiones</span> <span class='ocrx_word' id='word_1_304' title='bbox 1055 4537 1217 4619; x_wconf 80' lang='lat' dir='ltr'>Ecclesiae</span> <span class='ocrx_word' id='word_1_305' title='bbox 1236 4540 1361 4636; x_wconf 63' lang='lat' dir='ltr'>corsto-⁴</span> 
     </span>
     <span class='ocr_line' id='line_1_41' title="bbox 372 4638 1313 4734; baseline 0.004 -21"><span class='ocrx_word' id='word_1_306' title='bbox 372 4639 469 4716; x_wconf 78' lang='lat' dir='ltr'>Toto·</span> <span class='ocrx_word' id='word_1_307' title='bbox 493 4639 526 4717; x_wconf 90' lang='lat' dir='ltr'><em>V</em></span> <span class='ocrx_word' id='word_1_308' title='bbox 536 4643 566 4717; x_wconf 88' lang='lat' dir='ltr'>I.</span> <span class='ocrx_word' id='word_1_309' title='bbox 801 4638 846 4716; x_wconf 85' lang='grc' dir='ltr'><strong>Μ</strong></span> <span class='ocrx_word' id='word_1_310' title='bbox 872 4661 911 4714; x_wconf 88' lang='lat' dir='ltr'>m</span> <span class='ocrx_word' id='word_1_311' title='bbox 1214 4639 1313 4734; x_wconf 76' lang='lat' dir='ltr'>sicas,</span> 
     </span>
    </p>
   </div>
   <div class='ocr_carea' id='block_1_5' title="bbox 1606 2600 1638 2647">
    <p class='ocr_par' dir='ltr' id='par_1_8' title="bbox 1606 2600 1638 2647">
     <span class='ocr_line' id='line_1_42' title="bbox 1606 2600 1638 2647; baseline 0 0"><span class='ocrx_word' id='word_1_312' title='bbox 1606 2600 1638 2647; x_wconf 76' lang='lat' dir='ltr'>&#39;e</span> 
     </span>
    </p>
   </div>
   <div class='ocr_carea' id='block_1_6' title="bbox 0 0 1876 5425">
    <p class='ocr_par' dir='ltr' id='par_1_9' title="bbox 0 0 1876 5425">
     <span class='ocr_line' id='line_1_43' title="bbox 0 0 1876 5425; baseline 0 0"><span class='ocrx_word' id='word_1_313' title='bbox 0 0 1876 5425; x_wconf 95' lang='lat' dir='ltr'> </span> 
     </span>
    </p>
   </div>
  </div>
 </body>
</html>
