3700 5425
481 345 566 451 '³34
671 338 827 440 Theoi
856 342 974 455 Dog.
996 342 1039 436 ti
1062 262 1216 442 llsori'l.
1235 342 1332 442 Lib.
1361 345 1422 440 112

480 520 543 619 qui
568 538 659 593 unus
680 516 718 592 in
741 533 886 614 quarta,
910 514 997 593 alius
1017 517 1052 592 in
1076 517 1176 594 teriia
1190 516 1252 596 fibi
1272 521 1472 616 pertinent,
1493 523 1533 606 ἀ

480 615 664 713 conjubili
680 618 928 703 inveniuntur,
950 617 1147 715 separemus
1175 669 1247 711 „,‚.

416 763 419 769 -
532 721 712 786 conciliem
728 714 912 803 Turonense
931 729 1138 805 ann⁰1583i
1164 741 1232 812 cip.
1246 733 1282 812 9.
1305 773 1362 812 „„
1388 717 1532 816 Quibus

481 815 652 914 (inquii)
677 818 715 891 ln
741 831 869 913 quarto
902 814 1241 914 consanguinitatis,
1266 819 1303 894 de
1325 815 1531 914 affinitatis.

348 934 350 937 ⁴
480 940 625 1010 necnop
661 918 888 1013 cognationis
921 915 1103 1013 spiritualis
1143 919 1330 1014 prohibitis
1353 925 1523 1019 gradibus

480 1016 582 1115 supra
600 1013 786 1112 expressis.
816 1012 996 1115 Episcopis
1015 1015 1209 1115 dispensare
1231 1041 1306 1095 nou
1323 1018 1429 1097 licere
1441 1007 1455 1107 ‚¹
1468 1023 1533 1101 de-

338 1133 365 1198 ’,
481 1121 654 1195 eieramus
679 1163 753 1209 „‚‚.

531 1215 710 1287 concilium
724 1212 914 1300 Tolosanum
929 1236 1035 1306 1590.
1055 1235 1125 1308 cap.
1141 1209 1175 1290 8·
1196 1223 1256 1311 „2
1275 1173 1381 1312 Quos
1393 1229 1532 1318 cogna-

479 1319 587 1396 tionis
610 1316 739 1414 gradus
755 1317 926 1412 impedit.
953 1317 1119 1413 licetjam
1147 1321 1283 1416 iegibus
1311 1320 1529 1401 inlutum&

479 1417 715 1515 dispensatos,
744 1417 807 1491 nili
837 1417 903 1491 visa
929 1422 1023 1515 prius
1045 1417 1172 1492 summi
1189 1419 1370 1494 Pontiliiis
1391 1418 1530 1518 dispen-

479 1517 615 1594 satione
631 1572 640 1600 ,
658 1517 695 1592 in
714 1519 933 1592 matrimonii
951 1517 1247 1620 conJuntiionem
1274 1519 1426 1616 parochi
1451 1541 1530 1600 nou
1552 1545 1555 1552 ·

481 1633 654 1713 recipiant
677 1660 752 1708 Η.
1323 1639 1325 1644 ·

531 1720 677 1811 synodus
704 1711 937 1810 singonensis
965 1771 1025 1808 ‚,„
1053 1712 1193 1793 Gradus
1218 1717 1529 1815 consanguinitatis

481 1813 531 1892 lic
549 1834 746 1915 ponuntur.
769 1813 929 1904 fratres,
947 1835 1010 1894 aut
1024 1819 1160 1893 sorores
1172 1823 1250 1895 luni
1266 1841 1300 1891 in
1317 1842 1437 1916 primo
1448 1844 1529 1918 gra·

480 1916 543 1994 du·
571 1914 646 1994 Filii
670 1918 824 1994 duorum
848 1919 1017 2001 fratrum,
1033 1937 1094 1994 aui
1114 1917 1297 2004 surorum,
1322 1924 1398 1994 luni
1421 1926 1456 1995 iii
1478 1920 1531 1996 se·

481 2019 608 2093 cundo
626 2027 749 2115 gradu.
784 2016 862 2094 Filii
883 2033 1125 2117 cognatorum
1153 2042 1428 2113 germanorum,
1444 2020 1528 2097 dicii

479 2115 622 2192 secundi
656 2120 801 2215 cognati
818 2165 826 2189 ‚
845 2116 924 2195 sunt
941 2142 976 2192 in
998 2124 1103 2194 tertio
1127 2117 1251 2213 gradu.
1283 2114 1429 2193 Horum
1443 2118 1526 2208 silli,

478 2218 563 2292 ditii
583 2222 677 2294 tertii
708 2218 854 2317 cognati
874 2223 1060 2314 germani,
1085 2225 1162 2292 iunt
1187 2221 1224 2291 in
1249 2240 1378 2310 quarto
1397 2220 1527 2315 gradu.

476 2309 574 2393 Inter
588 2318 670 2393 istos
688 2341 762 2394 non
779 2319 827 2394 est
846 2319 1045 2415 legitimum
1064 2320 1350 2391 matrimonium,
1366 2319 1527 2396 uilicum

478 2421 530 2493 eis
550 2415 591 2493 fit
616 2441 677 2511 per
698 2417 824 2494 sedem
843 2419 1073 2513 apostolicam
1098 2415 1329 2513 dispensatum
1362 2470 1432 2505 „„.

536 2517 632 2593 idem
659 2520 828 2596 sancitum
853 2518 939 2600 est,
972 2529 1014 2592 ac
1052 2514 1267 2592 declaratum
1302 2516 1530 2616 synodalibus

478 2613 791 2696 Coiillitutonibus
808 2615 966 2694 Ecclefiae
980 2614 1175 2693 Trecensis.

530 2719 566 2792 bi
582 2741 698 2796 tamen
714 2722 855 2815 antiqua
879 2718 920 2794 lit
936 2761 945 2795 i
959 2720 996 2792 ile
1021 2718 1178 2813 legitime
1200 2714 1396 2814 prescripta
1419 2715 1526 2799 Dioe·

327 2889 334 2908 ,
476 2817 563 2895 cesis
598 2820 854 2898 consuetudo,
883 2833 924 2894 ut
964 2813 1155 2915 Episcopus
1176 2819 1212 2892 in
1241 2838 1368 2914 quartu
1390 2820 1524 2915 gradu,

477 2922 582 2994 ctiam
609 2920 654 2996 de
679 2918 952 3003 contrahendo,
976 2924 1080 2994 certis
1105 2922 1142 2993 in
1170 2918 1301 2995 casibus
1326 2918 1521 3014 dispenset·

478 3022 560 3117 quia
579 3019 652 3114 ejus
670 3017 877 3096 Deceslores
902 3018 971 3095 hac
989 3017 1038 3095 usi
1061 3017 1199 3092 suntab
1220 3018 1528 3112 autiquoaiihanc

475 3121 585 3215 usque
613 3120 705 3194 diem
718 3119 881 3195 sacultate
896 3172 907 3205 ,
923 3116 1135 3215 quaeaSede
1155 3117 1344 3212 apostolica
1363 3117 1526 3197 concesse

479 3224 634 3294 creditur
665 3223 795 3315 (quod
811 3221 846 3292 in
863 3218 1072 3314 quibusdam
1098 3214 1288 3292 Galliarum
1303 3215 1526 3294 Diuecesibus

476 3315 551 3394 fieri
565 3319 762 3404 novimus)
785 3319 829 3391 de
843 3316 895 3393 his
912 3317 1222 3411 dispensationibus
1234 3317 1328 3391 haud
1346 3320 1524 3396 niuvenda

470 3417 521 3495 iis
548 3416 806 3513 estssiquidem
829 3416 1051 3493 consuetudo
1073 3415 1229 3509 legitime
1247 3421 1442 3513 praescripta
1450 3419 1524 3512 juri

477 3514 635 3615 positivo
657 3521 885 3613 praejudicat,
914 3516 1061 3612 uluioue
1083 3516 1238 3611 lungaevi
1272 3540 1347 3590 non
1368 3520 1450 3592 levis
1473 3518 1525 3595 eit

476 3613 739 3707 auiioiitas‚ut
754 3614 881 3692 dicitur
896 3638 972 3713 cap.
986 3625 1065 3686 cim
1094 3617 1357 3701 Coniieciai‘nis,
1379 3619 1415 3691 ἃ
1441 3638 1519 3714 cap.

474 3718 557 3782 Cum
582 3735 697 3802 tantu,
712 3713 792 3792 Exi·
811 3718 863 3786 De
891 3714 1133 3800 (unsuitiidi‘iie.
1156 3724 1203 3793 iit
1226 3715 1250 3790 sl
1273 3715 1431 3800 dubitet,
1463 3717 1521 3794 vel

473 3815 604 3889 merito
620 3814 782 3892 dubitare
799 3816 925 3892 debeat
944 3813 1135 3916 Episcopus
1152 3872 1162 3900 ‚
1183 3841 1226 3892 aii
1250 3814 1521 3912 dispensationes

473 3911 840 3992 elisisDecelsoribus
860 3916 1032 3993 concessae
1048 3917 1115 3993 fint
1129 3939 1174 3992 ex
1200 3917 1383 4013 privilegio
1413 3919 1521 4005 reali,

473 4015 511 4090 aa
536 4032 740 4118 perpetuo,
756 4039 799 4090 an
818 4039 864 4091 eir
891 4018 1078 4116 privilegio
1103 4014 1300 4110 personali,
1329 4018 1523 4114 dispensare

473 4136 551 4189 non
575 4114 691 4209 potest
716 4166 725 4189 ,
751 4112 811 4190 nili
844 4116 881 4191 δι
915 4120 986 4216 ipse
1018 4117 1234 4215 dispensandi
1258 4118 1480 4213 privilegium
1501 4143 1523 4195 a

475 4212 619 4289 summo
638 4210 815 4292 Pontifice
837 4219 1007 4293 obtineat·
1055 4216 1093 4292 ln
1115 4241 1151 4292 re
1170 4221 1264 4292 enim
1299 4215 1523 4294 Sacramenta

471 4311 650 4411 spectante
669 4314 848 4397 nonlicet
873 4321 991 4397 minui
1012 4315 1260 4415 probabilem,
1275 4340 1317 4398 ac
1333 4320 1447 4397 ninu-
1464 4336 1524 4392 iii·

1398 4431 1472 4496 iam
