3700 5425
455 561 523 651 De
545 548 812 649 Sacramenta
838 548 1117 654 Matrimonii:
1240 557 1346 667 2191,
1488 524 1508 575 ⁸

272 729 359 818 dit,
387 727 425 805 ἀ
457 732 617 808 infacto
656 735 847 809 ministerio
877 747 1110 828 permaneat,
1133 729 1234 829 quod
1267 736 1324 808 in·

275 833 426 909 choatit
448 885 514 922 „„.
545 833 711 910 Mulieres
731 834 816 909 itte,
837 856 917 931 quae
941 828 1191 929 ptoleffionem
1216 828 1324 908 iimu·
1350 914 1354 923 ,

276 932 457 1016 laverant,
491 932 705 1010 &animum
734 957 809 1009 non
844 935 1038 1008 habuerant
1065 930 1099 1006 ie
1138 929 1323 1026 obligandi

279 1055 362 1110 vete
386 1052 509 1105 coram
542 1028 649 1114 Deo,
675 1056 748 1107 non
771 1049 870 1108 etant
892 1034 1085 1118 teat-voti,
1109 1052 1192 1107 cum
1211 1026 1323 1107 'Deus
1386 1030 1391 1045 '

279 1154 344 1209 cor
363 1133 503 1227 potius,
527 1155 634 1227 quant
654 1155 781 1209 vocem
806 1129 1004 1208 confideret
1019 1185 1030 1218 ,
1044 1128 1252 1228 nullumque
1281 1129 1326 1205 tit

278 1247 408 1307 totum
432 1230 503 1304 line
520 1234 711 1324 conlenlu3
727 1232 782 1306 led
803 1231 1034 1308 nibilominus
1055 1231 1136 1329 quia
1156 1231 1327 1327 exceptio

279 1327 535 1415 fimulationis,
561 1333 597 1405 &
619 1329 782 1406 diffensus
815 1355 889 1406 non
913 1331 1110 1406 admittitur
1136 1330 1179 1404 ab
1204 1328 1328 1405 Eccle-

278 1428 349 1513 fia,
369 1450 448 1526 quae
471 1454 544 1504 non
564 1430 696 1525 judicat
726 1430 769 1504 de
797 1430 949 1506 occultis
971 1474 980 1506 2
1002 1428 1158 1505 solemne
1187 1429 1326 1504 illarum

278 1542 409 1604 votum
443 1543 556 1605 tatum
581 1533 797 1623 praelumitur
822 1533 857 1604 in
883 1529 966 1605 foro
993 1525 1174 1608 Ecclesiae,
1192 1529 1229 1605 bt
1252 1552 1330 1604 ma·

278 1628 493 1706 trimonium
516 1631 635 1725 postea
662 1629 885 1705 contraitum
909 1630 1050 1704 dirimit·
1073 1626 1175 1706 ldent
1203 1626 1251 1702 est
1268 1629 1327 1721 ju·

278 1728 415 1900 cilicium
447 1727 491 1803 de
518 1729 604 1815 illis,
628 1732 691 1823 qni
720 1735 810 1806 intra
844 1730 1133 1827 quinquennium
1166 1749 1242 1803 non
1269 1749 1328 1802 re·

280 1840 448 1903 camant·
1245 1861 1247 1865 ·

284 2002 286 2006 ,
329 1923 578 2016 Quamobrem
595 1924 619 2001 st
638 1929 699 2024 qui
718 1931 807 2003 intra
822 1927 1107 2026 quinquennium
1124 1948 1198 2002 non
1215 1923 1327 2005 recla-

279 2041 442 2110 marunt,
463 2024 714 2109 Ptoielironis‚
737 2051 854 2125 quam,
877 2031 1009 2103 irritam
1040 2023 1108 2102 elie
1133 2044 1234 2102 certo
1256 2047 1328 2103 no·

278 2141 421 2210 verant,
441 2126 689 2222 obligatione,
707 2149 748 2203 ac
761 2127 905 2202 vinculo
924 2129 960 2201 in
976 2125 1060 2202 ioto
1081 2123 1241 2203 Eccleitae
1256 2124 1328 2202 lol-

277 2225 312 2298 vi
336 2223 445 2300 velint
468 2221 641 2300 adfinem
674 2226 907 2303 contrahendi
931 2227 1231 2311 matrimonium,
1261 2248 1327 2300 ne·

278 2318 369 2397 celle
385 2323 458 2409 eil,
479 2341 518 2400 ut
535 2350 555 2399 a
575 2324 715 2401 summo
735 2326 931 2410 Familiae,
945 2339 1006 2402 aut
1027 2321 1326 2422 Congregatione
1448 2376 1451 2381 ·

279 2419 432 2499 Concilii
443 2476 453 2507 ,
465 2424 518 2496 vel
533 2421 783 2520 Regulatium,
797 2424 1002 2519 rescriptum
1014 2427 1225 2521 impetrent,
1246 2445 1326 2523 quo

276 2521 500 2597 rellituantur
518 2528 553 2597 in
573 2528 754 2621 integrum
774 2524 936 2601 adversus
963 2524 1096 2624 lapsum
1118 2528 1326 2621 quinquen·

276 2621 345 2704 nii,
366 2620 504 2698 causam
525 2642 747 2722 exponentes
770 2627 992 2721 legitimam,
1011 2646 1076 2700 cur
1098 2646 1174 2699 non
1189 2639 1324 2722 potue·

273 2725 344 2796 rint
368 2723 579 2809 reclamare,
597 2741 657 2800 aut
681 2730 916 2824 ignorantiam
949 2724 1115 2802 nullitatis
1139 2723 1205 2800 suae
1236 2747 1324 2821 pto-

273 2818 452 2906 seffionis‚
476 2821 544 2897 sive
565 2823 671 2900 fuerit
695 2829 892 2920 ignorantia
911 2827 1025 2918 juris,
1050 2822 1119 2900 live
1139 2824 1236 2918 latin
1263 2821 1322 2902 tel

274 2925 617 3008 continuationem,
655 2926 691 2998 ἃ
714 2924 996 3021 permanlionem
1020 2924 1221 3009 violentiae,
1248 2922 1321 3003 sive

273 3036 392 3096 metus
412 3039 492 3096 toto
513 3029 779 3122 quinquenni03
803 3030 992 3119 impetrato
1015 3046 1101 3099 veto
1125 3023 1317 3120 rescripto,

275 3120 412 3195 caulam
433 3123 689 3199 reclamationis
708 3141 816 3219 agant
837 3147 960 3199 coram
983 3122 1158 3219 Episcopo
1183 3122 1319 3199 dioece·
1410 3189 1438 3221 ,.

272 3218 379 3297 lano,
398 3221 435 3295 ἃ
467 3222 656 3316 Superiott
680 3225 828 3319 regulati
854 3223 1071 3307 monasterii,
1089 3224 1124 3296 in
1146 3245 1221 3318 quo
1235 3244 1328 3315 pto·

272 3317 454 3396 lellionem
477 3322 688 3400 emiserunt,
709 3340 748 3399 ut
768 3324 955 3418 praeteribit
973 3321 1181 3398 Tridentina
1202 3322 1323 3420 Syno-

275 3418 355 3494 dus.
382 3417 519 3497 Verum
535 3421 559 3495 st
576 3427 653 3517 quis
670 3424 748 3515 post
762 3423 1046 3518 quinquennium
1064 3422 1174 3496 exivit
1190 3420 1321 3516 absque

272 3514 443 3602 licentia,
470 3521 505 3594 ἂ
532 3545 683 3596 uxorem
705 3524 811 3599 duxit
832 3539 913 3598 ante
937 3519 1142 3597 sententiam
1171 3519 1215 3596 de
1241 3520 1323 3597 nul·

273 3616 374 3692 litate
402 3618 620 3711 profelltonis
647 3622 712 3697 suae
738 3623 867 3709 latam,
888 3622 1077 3716 indignum
1110 3620 1141 3695 se
1171 3622 1322 3717 praebuit

271 3718 544 3794 restitutionem
565 3724 766 3817 integrum;
789 3719 971 3818 &peliimi
997 3720 1073 3796 sane
1098 3716 1182 3796 etiet
1198 3743 1321 3796 exent-

274 3818 346 3910 pli‚
365 3833 405 3892 ut
428 3821 489 3913 qui
510 3841 655 3913 poenam
679 3841 833 3899 meretur
855 3824 904 3897 ob
927 3821 1071 3897 violatae
1090 3817 1250 3897 Eccleliae
1269 3819 1321 3896 le·

274 3940 359 4010 ges,
385 3920 434 3992 ob
452 3919 628 4013 apostafiae
641 3924 796 4007 crimen,
813 3925 862 3997 ob
884 3922 1068 3998 iniratlum
1091 3923 1321 3997 continentie

275 4031 403 4091 votum
420 4017 542 4111 ‚quod
560 4020 692 4095 servare
716 4024 922 4104 tenebatur,
940 4021 1058 4097 donec
1081 4018 1238 4097 Ecclefiae
1262 4020 1320 4114 jn·

273 4114 370 4191 dicio
395 4116 560 4211 ptolellto
580 4124 653 4213 ejus
678 4125 770 4195 irrita
793 4122 965 4196 declarata
989 4118 1092 4196 esset,
1111 4126 1316 4215 praemium,

273 4215 310 4289 δι
329 4220 476 4310 gratiam
492 4219 777 4308 consequeretur.
804 4222 990 4288 Navarrus
1009 4237 1125 4294 tamen
1141 4219 1178 4293 bt
1192 4221 1317 4311 Fagna·
1336 4221 1485 4292 Nartrtut

271 4337 333 4382 nus
354 4368 364 4399 .
388 4341 470 4392 eum
493 4315 591 4415 polle
615 4321 704 4414 juste
726 4318 857 4393 restitui
888 4323 924 4394 in
947 4316 1126 4414 integrum
1153 4318 1314 4397 censenti
1334 4305 1525 4444 {origne}

269 4413 461 4510 postquam
486 4441 647 4506 carcere,
672 4419 707 4491 &
729 4421 939 4514 poenitentia
962 4418 1021 4493 diu
1042 4418 1146 4493 luerit
1163 4440 1313 4492 macera-
1335 4399 1493 4533 315⁸ssst

267 4530 349 4605 tus,
373 4517 410 4593 tic
436 4514 576 4594 admitti
599 4521 643 4597 ad
662 4519 777 4597 caulas
803 4518 970 4599 nullitatia
1003 4533 1174 4597 votorum
1201 4537 1315 4608 expo·
1334 4531 1528 4603 umam
1625 4559 1631 4569 ·

313 4683 315 4686 ψ
1181 4636 1270 4692 tren·
