3700 5425
554 578 642 670 aaa
731 566 886 671 tneor
902 575 1017 687 mg.
1038 576 1078 665 o
1098 569 1358 665 nimaina.
1384 560 1460 667 n·
1515 596 1530 637 x

558 749 611 825 stt·
639 745 698 825 De
718 747 904 843 scripturis
927 748 1045 824 landis
1069 746 1200 821 habeto
1221 745 1333 820 fixum
1354 746 1513 822 versuum
1537 749 1607 823 nui

559 871 722 941 merum3
744 850 846 922 illum
876 848 1021 947 penl'om
1049 848 1212 923 Domino
1231 863 1295 921 tuo
1317 849 1424 919 redde
1455 890 1476 929 ‚‚
1492 900 1513 936 „
1560 848 1606 923 lt

561 956 594 1017 S.
609 949 742 1040 Augai.
772 942 876 1044 Epill·
896 972 986 1024 mox
1016 949 1189 1022 indicata:
1212 996 1268 1035 .‚„
1294 943 1449 1019 ¹Pertinet
1477 948 1520 1018 ad
1552 956 1605 1021 vi·

561 1045 702 1122 dualem
724 1071 865 1133 curam,
881 1049 1012 1123 deliciae
1036 1047 1059 1120 ll
1080 1044 1245 1128 affloant,
1267 1071 1310 1119 ne
1334 1069 1492 1140 apponas
1511 1068 1605 1133 cor,

561 1149 659 1221 ineis
676 1148 907 1241 putrescendo
918 1152 1088 1222 moriatur
1102 1200 1111 1229 ,
1126 1148 1225 1243 quod
1245 1152 1373 1219 lorium
1389 1150 1494 1220 debet
1511 1142 1603 1232 elle,

559 1264 602 1322 ut
626 1254 773 1325 visst...
801 1243 923 1323 Debes
944 1270 1014 1341 ptae
1039 1268 1162 1320 amore
1186 1268 1273 1319 vetae
1296 1246 1395 1326 vira,
1416 1249 1520 1317 eriam
1541 1252 1605 1319 de.

559 1344 705 1421 lblatam
732 1363 766 1421 to
782 1363 904 1443 putare
932 1348 967 1421 in
989 1345 1062 1420 hoc
1077 1346 1209 1426 leculo,
1233 1347 1268 1417 in
1290 1346 1505 1442 quantalrbet
1527 1347 1604 1438 ejus

559 1444 725 1520 felicitate
752 1449 899 1521 verteris.
928 1447 972 1513 Er
990 1444 1097 1529 rursus
1118 1470 1128 1514 ε
1153 1444 1297 1519 Deliciae
1319 1442 1481 1540 spiritales
1514 1445 1603 1518 dert-

559 1545 622 1620 ciis
644 1546 834 1623 carnalibus
855 1552 889 1622 in
911 1544 945 1622 S·
973 1545 1126 1621 castitate
1145 1545 1352 1627 l'uccedant,
1377 1542 1501 1625 lecito,
1521 1566 1602 1618 ora·

558 1650 629 1727 tio.
651 1644 818 1740 psalmus,
838 1649 933 1719 bona
954 1649 1149 1740 cogitatio,
1171 1651 1349 1718 bonorum
1369 1664 1519 1737 operum
1534 1644 1603 1716 lte.

558 1745 860 1843 memnones
878 1744 987 1821 futuri
1014 1748 1140 1819 leonii,
1163 1747 1195 1819 dt
1224 1764 1287 1817 cor
1311 1744 1468 1817 lurtum:
1491 1759 1601 1838 atque

558 1846 594 1917 in
619 1843 673 1918 his
707 1851 873 1920 omnibus
900 1850 1089 1941 gratiarum
1118 1844 1208 1920 allio
1236 1842 1325 1918 Patri
1357 1844 1603 1925 luminum,a

558 1964 635 2038 quo
660 1940 731 2017 line
759 1947 827 2019 ulla
850 1946 1071 2018 dubitatione
1091 1968 1201 2019 omne
1230 1943 1353 2017 datum
1392 1945 1600 2032 optimum,

559 2044 595 2115 St
619 2064 728 2115 omne
748 2045 884 2119 donum
908 2045 1121 2138 perlednm,
1144 2046 1308 2138 lcripruta
1331 2043 1440 2121 telle,
1459 2042 1602 2115 delien-

558 2140 622 2214 dit.
649 2138 743 2216 Nam
779 2143 924 2239 quando
951 2166 1017 2237 pto
1046 2144 1176 2218 deliciis
1207 2159 1427 2233 nuptarum,
1452 2162 1536 2236 quas
1563 2164 1602 2216 tn

558 2262 665 2341 carne
687 2246 840 2318 virorum
858 2243 1008 2327 habent,
1026 2244 1170 2319 aliatum
1190 2246 1378 2318 cirri-ilium
1397 2241 1601 2316 deliciarum

455 2348 459 2363 ¹
528 2354 531 2359 '
557 2354 727 2433 tanquam
752 2342 786 2415 in
818 2344 981 2417 solarium
1008 2343 1086 2417 ulus
1111 2340 1290 2419 ail'rrmitur
1307 2395 1316 2424 ,
1336 2346 1419 2436 quid
1450 2364 1519 2434 ogo
1546 2344 1603 2414 di-

556 2460 657 2522 cam,
680 2464 758 2536 quae
779 2440 968 2536 sequantur
994 2441 1101 2527 mala,
1127 2468 1209 2519 cum
1236 2445 1385 2514 breviter
1408 2442 1600 2536 tlpoilolus

556 2538 710 2615 dixerit:
741 2538 931 2616 Virenrem
960 2557 1138 2617 mortuam
1167 2541 1233 2619 elle
1258 2540 1430 2620 viduant,
1461 2562 1539 2635 qua
1561 2564 1600 2619 m

555 2638 689 2714 dellvlls
717 2642 801 2716 Vlvlt
825 2640 915 2731 νηῒ

357 2736 526 2824 ammon.
609 2733 834 2839 lileemosym
848 2742 986 2836 jejunio
1010 2794 1020 2825 ,
1045 2742 1080 2815 sa
1103 2745 1255 2818 orationi
1275 2763 1293 2813 a
1319 2740 1422 2816 vidua
1446 2736 1600 2815 christia.

357 2833 406 2885 ¹¹²·
554 2861 599 2916 aa
619 2840 718 2935 jungi
744 2841 856 2915 debet.
884 2835 981 2917 Hinc
999 2853 1029 2915 ὁ.
1057 2845 1182 2933 August.
1210 2846 1267 2917 lio.
1297 2848 1333 2905 dr
1357 2855 1447 2908 ooo
1475 2841 1596 2905 Vena·-

553 2957 659 3022 taut,
682 2962 715 3013 c.
733 2958 791 3013 αι.
822 2987 845 3025 ,,
859 2996 882 3025 ,,
915 2943 953 3016 ln
977 2943 1076 3015 vobis
1091 2989 1101 3016 2
1119 2947 1226 3028 inquit
1242 2997 1252 3026 ‚
1268 2964 1369 3013 amor
1394 2941 1596 3016 divitiarum

553 3035 653 3113 fimul
676 3037 936 3133 lrigeictroum
960 3064 1083 3114 amore
1107 3049 1335 3134 nuptiarom3
1361 3042 1392 3112 ἃ
1414 3043 1489 3131 pins
1517 3040 1597 3117 ulus

552 3159 691 3223 rerum,
717 3164 802 3234 quas
825 3141 1024 3235 pollldetis,
1042 3142 1084 3213 ad
1107 3141 1293 3239 spirituales
1314 3141 1451 3213 delicias
1470 3140 1594 3211 conle-

550 3253 667 3317 tatur,
688 3254 727 3313 ut
752 3240 931 3315 liberalitas
957 3241 1063 3313 rellta
1096 3246 1205 3337 magis
1231 3247 1359 3314 lervtat
1386 3237 1594 3331 adjuvandis

550 3340 694 3431 egenis,
714 3361 821 3432 qnam
846 3335 995 3415 ditandis
1016 3346 1123 3414 avaris
1166 3343 1204 3415 ln
1234 3337 1430 3413 tltelrurum
1458 3344 1593 3435 quippe

551 3437 730 3511 coelellem
768 3462 841 3512 non
882 3447 1070 3515 mittuntur
1114 3442 1207 3515 dona
1249 3442 1500 3530 cupidorum,
1533 3438 1591 3512 ted

465 3584 467 3588 -
552 3535 782 3634 eleemolynae
807 3561 1025 3633 pauperum,
1050 3563 1127 3634 quae
1144 3545 1179 3616 in
1198 3546 1406 3614 immemum
1436 3539 1589 3614 modom

371 3637 374 3644 '
557 3641 736 3710 orationes
754 3639 923 3726 adiuvant
951 3639 1133 3715 viduarum
1163 3697 1182 3728 ,‚
1199 3689 1234 3729 ‚,.
1277 3636 1402 3711 Vidua
1429 3639 1593 3733 locuple·

555 3752 607 3809 tes
634 3738 756 3810 uberes
772 3737 1007 3832 eleemosynas
1026 3759 1201 3835 erogent3
1220 3740 1347 3835 quibos
1368 3739 1510 3831 angusta
1534 3759 1589 3812 res

553 3832 622 3914 est,
649 3833 808 3908 laborent
842 3857 881 3912 ut
910 3838 989 3919 libi,
1016 3839 1114 3922 filiis,
1137 3840 1414 3934 patrperibulque
1438 3836 1591 3910 necella·

548 3936 597 4006 ria
623 3954 842 4028 comparent.
863 3982 922 4021 n„
953 3935 1048 4012 Bono
1074 3939 1107 4010 dr
1135 3940 1188 4011 illa
1215 3937 1316 4031 plane
1341 3936 1506 4010 laboriosa
1530 3939 1591 4008 tii·

546 4034 673 4126 pendia
694 4035 874 4117 castitatis,
897 4060 977 4129 quae
1000 4038 1044 4109 de
1067 4036 1129 4111 loo
1157 4061 1286 4128 opere,
1301 4041 1586 4131 quotidianoque

542 4132 653 4226 penl'o
680 4139 840 4209 conteret
870 4140 995 4218 vidua,
1027 4140 1206 4211 noiltrrnis
1243 4142 1391 4229 pariter,
1423 4159 1464 4209 ac
1490 4145 1611 4213 dtur-2

537 4235 592 4304 nis
616 4232 692 4327 jugi
716 4251 882 4307 exercens
907 4236 1027 4309 labore
1053 4243 1154 4329 penio
1186 4241 1438 4333 temporibus,
1463 4240 1497 4309 de
1519 4257 1587 4331 pu·

535 4329 663 4404 dicitiae
696 4332 900 4428 quaestuolae
937 4328 1097 4427 pervigili
1131 4358 1239 4427 opere
1270 4336 1469 4410 mercedem
1495 4357 1587 4409 con·

532 4450 717 4523 gregan53
745 4449 783 4505 ut
810 4434 1058 4508 intemeratum
1085 4435 1238 4508 defuncti
1274 4439 1437 4530 conjugis
1468 4435 1584 4509 cuotle

531 4528 732 4615 custodiat,
750 4531 842 4609 alere
860 4533 980 4612 dulces
998 4534 1132 4612 liberos
1143 4532 1268 4633 pollii,
1285 4537 1476 4612 ministrare
1493 4553 1583 4626 pau·

1435 4652 1526 4729 perr·
