3700 5425
452 550 522 648 De'
551 555 816 645 Sacramenlo
838 541 1112 652 Matrimonii.
1225 562 1313 662 251.

264 722 324 809 sed
361 725 591 805 solummodo
627 731 809 825 primum,
838 753 883 805 ex
912 727 1070 806 Decreto
1105 726 1221 807 Cone·
1244 725 1314 806 La·

265 840 419 919 teran.4
455 828 790 905 subintrantium.
812 832 910 925 quorl
941 829 1087 904 refertur
1109 850 1186 926 cap.
1223 830 1310 898 Non

265 924 359 999 dabat
392 925 462 1002 Eut
520 932 573 998 De
606 930 915 1020 Coniunguinitate3
941 931 983 1000 Ψ
1013 924 1173 1017 affinitate
1194 956 1207 1006 ‚·
1231 934 1310 1024 quo

267 1031 373 1113 otiam
391 1025 518 1102 sublata
545 1027 593 1102 est
614 1031 758 1125 antiqua
785 1027 1003 1125 prohibitio,
1031 1048 1076 1102 ne
1098 1027 1236 1105 soboles
1262 1035 1309 1107 eri

269 1127 425 1204 fecundis
441 1131 572 1222 nuptiis
591 1127 742 1219 suscepta
761 1149 844 1207 cum
862 1130 989 1221 prioris
1010 1130 1075 1204 riri
1091 1128 1310 1226 cognatiora

225 1313 228 1318 ¹
268 1229 538 1303 matrimonium
562 1225 771 1303 contrahere
799 1224 923 1323 pulset.

315 1320 474 1400 Affinitas
491 1329 632 1422 proprie
652 1328 779 1421 gradus
797 1349 872 1402 non
892 1325 1017 1412 habet,
1037 1324 1093 1402 sed
1114 1321 1241 1420 gradus
1254 1322 1307 1400 ai·

262 1421 406 1501 finitatis
429 1442 656 1500 numerantur
689 1427 880 1503 secundum
904 1427 1034 1522 gradus
1058 1425 1308 1521 consanguiniae

265 1528 357 1601 tutis.
387 1520 503 1598 Titius
523 1527 616 1599 verb.
638 1549 694 1620 gr.
716 1529 812 1601 ducit
830 1547 1003 1610 uxorem,
1027 1525 1081 1601 vel
1102 1525 1205 1599 alicui
1227 1543 1309 1605 mu·

263 1612 339 1698 lieri
358 1624 539 1698 carnaliter
556 1624 743 1721 copulatur
770 1646 782 1707 3
801 1647 928 1701 omnes
947 1623 1195 1721 consanguinei
1213 1643 1309 1697 uxo·

264 1726 331 1804 ris,
347 1721 401 1796 vel
419 1721 572 1799 mulieris
596 1722 708 1808 illius,
726 1723 805 1800 lunt
825 1721 944 1799 affines
969 1720 1076 1800 Petro
1099 1725 1135 1798 in
1157 1744 1203 1797 eo
1225 1744 1307 1815 gra

264 1821 337 1906 du,
361 1823 491 1919 inquo
513 1821 590 1899 lunt
608 1825 859 1920 consanguinei
880 1826 1002 1913 uxoris
1020 1825 1111 1916 ejus,
1138 1819 1198 1917 vel·
1217 1820 1308 1897 illius

265 1921 421 1997 mulieris
440 1972 450 2007 ‚
472 1920 665 1999 secuudum
692 1921 865 2020 Regulam
897 1921 1054 2018 superius
1090 1919 1305 2000 iudicataml

265 2017 403 2105 Persona
424 2023 535 2089 addita
559 2025 697 2113 persona
722 2025 909 2115 percurris
929 2024 1098 2118 copulam,
1120 2044 1182 2091 nou
1200 2035 1308 2091 mutat

261 2122 401 2215 gradum
421 2162 432 2193 2
450 2117 507 2205 sed
532 2142 635 2213 genus
665 2124 858 2192 attinentia
1445 2122 1447 2127 ’

273 2240 285 2281 z
315 2210 500 2295 Affinitatis
519 2221 611 2297 ordo
632 2223 677 2297 ita
692 2210 964 2298 constituendus·=
979 2219 1048 2307 est.
1067 2231 1107 2299 ut
1129 2217 1208 2297 duae
1225 2238 1305 2316 per·
1324 2216 1480 2296 affinitatit

265 2317 380 2395 lonae,
409 2342 489 2418 quae
515 2321 682 2411 copulam
703 2321 924 2406 habuerunt,
943 2319 1010 2397 sant
1024 2321 1226 2396 cummunis
1250 2319 1302 2396 sti·
1323 2306 1407 2375 ⁰¹⁶⁰·

265 2432 354 2517 peu,
378 2442 419 2494 ac
454 2422 666 2516 principium
693 2417 891 2506 affinitatis,
916 2443 997 2518 quae
1027 2423 1063 2496 in
1091 2420 1176 2495 duas
1199 2418 1306 2494 linear

265 2517 453 2598 dividitur,
479 2520 631 2598 tellam,
651 2521 686 2589 &
705 2521 945 2606 transversam,
963 2519 1033 2599 five
1055 2518 1306 2602 collateralem.

265 2610 306 2693 lu
330 2616 417 2692 linea
442 2619 531 2694 reita
558 2619 721 2695 locantur
748 2619 997 2706 ascendentes,
1028 2621 1064 2696 ἅ
1095 2615 1309 2696 descendena

265 2727 340 2797 tes:
366 2719 598 2795 Ascendentes
624 2719 720 2805 lunt,
736 2721 854 2807 locet,
876 2723 912 2795 δι
933 2720 1073 2803 socrus,
1095 2718 1212 2802 idest,
1232 2741 1310 2796 maa

264 2820 344 2898 titi,
370 2819 425 2892 vel
443 2823 571 2893 uxoris
589 2836 686 2917 patet
701 2873 711 2903 ,
729 2822 765 2894 δι
788 2832 899 2896 mater
919 2846 930 2912 ;
951 2816 1146 2904 Vitricus,
1172 2817 1205 2894 id
1235 2819 1309 2905 est,

267 2916 413 3009 praeleus
439 2922 583 2993 maritus
606 2912 726 2992 matris
750 2943 894 3003 meae‚a
922 2942 997 3016 quo
1024 2936 1141 2996 tamen
1168 2921 1310 3014 genitus

265 3039 343 3088 non
372 3015 472 3099 lum,
496 3017 550 3090 sed
577 3042 595 3091 a
626 3020 734 3112 priori
766 3023 916 3102 marito,
942 3020 1042 3113 cuius
1070 3017 1148 3114 post
1167 3021 1311 3094 obitum

263 3116 316 3188 illi
345 3113 489 3208 nuplrtr
517 3117 553 3189 ἃ
573 3139 724 3192 noverca
745 3173 755 3200 ‚
787 3118 911 3195 idest,
931 3119 1075 3214 praelens
1110 3118 1214 3213 patris
1239 3119 1311 3193 mel

264 3237 380 3300 uxor,
398 3238 476 3308 quae
493 3240 549 3290 me
570 3240 643 3291 non
660 3220 795 3312 peperit
810 3242 820 3308 3
835 3241 918 3294 cum
937 3215 998 3292 srm
1019 3240 1065 3291 ex
1083 3220 1199 3312 priore
1221 3239 1311 3289 con-

262 3319 376 3394 nubio
399 3318 549 3410 genitus·
586 3313 878 3401 Del'cendentes,
906 3317 984 3391 sunt
1011 3340 1146 3412 gener,
1176 3315 1209 3388 id
1232 3314 1309 3392 ests

262 3411 341 3488 filiae
370 3419 535 3508 maritus;
554 3417 590 3491 &a
609 3435 736 3501 nurus,
759 3418 795 3490 id
810 3412 878 3494 est,
893 3409 953 3490 lilii
969 3439 1084 3507 uxur3
1108 3414 1311 3509 privignus»

264 3512 321 3585 uel
350 3516 532 3610 privigna,
555 3515 591 3589 id
619 3510 699 3602 est,
729 3517 872 3599 uxoris,
900 3517 954 3591 vel
980 3518 1093 3590 mariti
1117 3513 1230 3589 filius,
1253 3503 1312 3589 vti

265 3610 355 3695 lilia,
379 3636 424 3686 er
446 3614 516 3689 alio
540 3618 693 3698 marito,
714 3618 767 3689 vel
791 3616 853 3690 ulia
874 3637 989 3691 uxore
1011 3614 1175 3709 suscepti,
1199 3614 1235 3686 &
1257 3610 1312 3688 ull

266 3717 422 3785 teriores.
453 3713 494 3789 ln
519 3715 607 3788 linea
630 3715 843 3794 transversa,
868 3713 924 3790 seu
946 3713 1133 3791 collaterali
1162 3711 1239 3787 suut
1264 3711 1315 3786 le·

264 3815 338 3895 air,
361 3812 396 3885 id
420 3813 492 3897 est,
514 3813 616 3888 frater
635 3817 750 3889 mariti
768 3861 778 3889 ‚
798 3815 852 3890 vel
876 3818 1024 3897 uxoris}
1047 3813 1222 3890 sororius.
1242 3809 1315 3887 {ivo

267 3909 479 3993 somnium,
504 3912 539 3987 id
566 3915 641 3994 est,
672 3913 800 3989 sororis
822 3916 978 4002 maritus·
1004 3913 1131 3991 Caeteri
1157 3932 1202 3986 eo
1223 3931 1314 3986 cou-

265 4008 505 4105 sanguinitatis
529 4014 676 4087 nomine
697 4010 1019 4110 appeliatilolent,
1044 4036 1119 4111 quo
1139 4014 1310 4097 nomine,

265 4111 319 4184 vel
341 4112 452 4205 gradu
482 4114 525 4187 ab
549 4138 593 4188 eo
617 4123 897 4210 nuncupantur,
917 4114 1019 4204 cujus
1045 4110 1141 4188 causa
1163 4105 1314 4185 affinitu-

265 4221 341 4282 tem
364 4226 643 4303 contraxerunt3
664 4212 769 4287 veluti
790 4213 851 4310 qui
872 4214 995 4290 uxoris
1020 4207 1214 4287 avunculus
1239 4208 1309 4294 est,

262 4329 410 4402 nepos,
439 4329 500 4388 aut
528 4312 786 4392 conmortuus,
810 4317 861 4385 is,
886 4313 923 4385 &
951 4313 1065 4390 mariti
1088 4306 1314 4396 auunculum

264 4427 400 4501 nepos,
427 4428 488 4487 aut
509 4411 741 4489 consobrinus
764 4408 973 4510 appellatura

1155 4592 1262 4687 liu-
