3700 5425
248 531 250 542 ’
356 603 376 630 ·
482 676 484 681 Ι
547 518 654 672 ‘⁶250
758 559 913 658 Theol.
946 564 1060 678 Dog.
1079 567 1120 655 ἃ
1138 560 1285 667 Mosei.
1303 563 1393 657 Lib.
1415 566 1472 661 11.

620 735 702 814 Tria
713 735 792 816 sunt
802 733 976 825 affinitatis
984 759 1139 834 genera,
1163 760 1242 835 quae
1259 736 1345 837 oiim
1374 741 1410 821 in
1423 736 1483 816 nsu
1498 752 1606 824 erant.

568 834 727 916 Primum
736 836 919 933 est,qu0d
949 859 1010 931 per
1022 838 1172 931 primam
1192 838 1311 915 carnis
1328 840 1515 933 copulam,
1535 842 1605 923 five

568 939 747 1029 mediante
764 959 833 1014 una
848 933 994 1033 persona
1008 938 1240 1024 eouttahitun
1266 934 1401 1035 Regula
1416 942 1510 1025 enim
1529 941 1605 1027 est·

562 1036 671 1225 pund
691 1030 828 1122 Persona
844 1037 956 1108 addita
971 1052 1030 1125 per
1052 1043 1159 1105 carnis
1174 1037 1317 1128 copulam
1331 1092 1341 1119 ,
1356 1061 1416 1107 non
1440 1042 1606 1139 gradum,

571 1158 731 1317 fieaegenus
750 1135 1055 1224 otisentiaemutet.
1086 1133 1200 1247 Quod
1213 1135 1285 1226 hoc
1301 1134 1607 1241 Vetiieulostgnis

599 1250 707 1322 catut,

668 1340 783 1406 Mutat
808 1348 908 1425 nupta
919 1352 1021 1425 genus
1038 1386 1048 1416 ‚
1059 1327 1111 1416 sed
1125 1356 1285 1427 generata
1309 1335 1459 1428 gradum.

617 1433 780 1530 Exempli
802 1434 912 1528 grstia
935 1429 1064 1528 rugo,
1085 1434 1123 1521 Se
1144 1433 1243 1516 soror
1265 1459 1342 1517 ntea
1361 1436 1545 1534 jungimur
1563 1441 1600 1527 in

569 1536 688 1628 primo
705 1532 816 1634 gradu
831 1529 1140 1625 consanguinitatis
1152 1554 1163 1624 ;
1176 1532 1274 1610 soror
1294 1533 1468 1630 legitime.
1484 1538 1537 1618 sel
1563 1540 1604 1616 iia

467 1698 472 1709 .
568 1632 765 1731 legitimea
791 1631 895 1710 Petro
923 1629 1231 1726 cognoscitur,&
1262 1633 1309 1709 sic
1337 1633 1480 1732 persona
1510 1635 1604 1729 Petri

566 1754 631 1835 per
648 1731 999 1830 copulamcarnalem
1023 1730 1162 1815 additur
1185 1730 1296 1809 sorori
1312 1757 1409 1814 mere.
1437 1733 1524 1820 Haec
1537 1741 1604 1834 igi.

565 1841 627 1923 tur
653 1831 782 1930 copula
806 1846 921 1908 mutat
950 1851 1063 1925 genus
1095 1834 1286 1910 attinentiae
1300 1856 1311 1927 ς
1333 1837 1414 1932 quia
1440 1835 1510 1913 aiio
1538 1861 1602 1934 ge-

567 1954 653 2017 nere
683 1936 808 2008 attinet
829 1928 914 2014 mihi
938 1929 1038 2017 [otor
1064 1951 1174 2023 mea;
1209 1930 1337 2010 scilicet
1361 1934 1491 2026 genere
1512 1959 1602 2012 con·

560 2033 829 2126 languinitatiss
857 2030 928 2105 alio
955 2027 1104 2106 Petrus,
1135 2028 1298 2108 videlicet
1334 2055 1464 2128 genere
1487 2031 1599 2123 affini.

564 2136 646 2216 tatis
657 2151 667 2210 t
678 2130 736 2213 sed
747 2152 822 2207 non
841 2142 955 2217 mutat
967 2132 1117 2225 gradum
1129 2184 1138 2215 ,
1151 2135 1317 2238 quisquo
1332 2132 1443 2225 gradu
1454 2133 1602 2212 consata,

491 2256 497 2281 ³
565 2232 746 2330 guinitatis
773 2228 858 2306 mibi
877 2230 1036 2324 jungitur
1058 2226 1156 2304 soror
1172 2232 1320 2317 ,eodem
1336 2227 1508 2324 affinitatis
1522 2254 1602 2327 gra,

564 2331 614 2411 du
636 2331 796 2426 jungitur
817 2327 904 2418 mihi
924 2325 1069 2410 Petrus,
1090 2326 1218 2407 scilicet
1244 2333 1372 2422 orium

615 2427 819 2518 Secundum
832 2450 945 2525 genus
961 2424 1136 2519 affinitatis
1159 2431 1341 2513 constituit
1359 2428 1503 2524 persona
1527 2431 1601 2528 pri,

563 2553 629 2609 mo
650 2531 769 2629 generi
787 2528 926 2611 addita,
941 2529 1070 2623 copula
1093 2528 1221 2604 carnali
1248 2533 1511 2615 interveniente·
1536 2527 1604 2605 Pe,

563 2643 640 2707 trus
664 2629 791 2713 scilicet
802 2628 947 2712 maritus
965 2626 1090 2705 sororis
1103 2649 1211 2712 meae.
1230 2631 1290 2726 qui
1314 2628 1399 2702 mihi
1420 2630 1455 2701 in
1476 2630 1595 2723 ptimo

562 2731 771 2827 generes&
796 2725 908 2826 gradu
930 2721 1104 2819 affinitatis
1127 2729 1336 2822 conjuncius
1369 2727 1447 2813 eii,
1474 2725 1595 2809 sorore

560 2852 640 2908 mea
655 2827 813 2918 deiuniia
830 2826 1009 2905 contrahit
1038 2849 1121 2903 cum
1134 2824 1244 2923 Maria
1257 2827 1351 2910 :haec
1370 2824 1473 2908 Petro
1497 2824 1599 2906 soror

560 2934 709 3011 riomeo
723 2929 905 3020 percarnis
923 2924 1089 3020 copulam
1103 2927 1220 3018 junna
1239 2942 1351 3006 mutat
1367 2949 1479 3022 genus
1493 2979 1502 3008 ,
1515 2928 1597 3022 quia

448 3101 452 3109 .
560 3051 645 3113 tum
661 3026 781 3105 Petrus
802 3030 965 3103 attineret
990 3024 1073 3114 mihi
1086 3028 1202 3122 primo
1216 3048 1373 3124 genere,
1394 3026 1468 3104 haec
1498 3048 1596 3113 nune

556 3126 670 3218 mihi,
686 3128 899 3203 &omnibus
918 3124 1186 3220 consanguineis
1200 3125 1327 3204 i'otoris
1347 3147 1432 3206 meae
1443 3124 1598 3210 secundo,

559 3250 691 3325 genere
704 3222 877 3311 affinitatis
899 3227 1034 3299 attinet.
1608 3264 1613 3273 =

610 3322 771 3412 Tertium
794 3348 907 3419 genus
938 3320 1112 3406 affinitatis
1139 3323 1188 3400 est
1217 3320 1348 3417 ‚quod
1372 3345 1433 3417 per
1457 3325 1595 3410 tertiam

557 3429 671 3502 carnis
708 3428 875 3519 copulam
902 3469 913 3500 2
942 3423 1010 3505 site
1041 3427 1151 3502 tribus
1183 3421 1338 3515 personis
1363 3424 1596 3499 mediantibus

557 3522 791 3615 contrahitur.
821 3521 982 3619 Exempli
1003 3524 1141 3616 gratia,
1164 3538 1311 3602 mortuo
1333 3518 1437 3597 Petro
1461 3522 1597 3608 sororio

556 3622 743 3720 quondam
764 3646 873 3707 meo,
897 3619 1010 3698 Maria
1033 3622 1108 3714 ejus
1130 3619 1232 3705 vidua
1253 3620 1369 3705 alteri,
1388 3620 1514 3698 [cilicet
1536 3618 1596 3718 Ja-

558 3728 656 3804 cobu
691 3723 821 3802 nubite
846 3719 906 3795 hic
938 3716 1094 3824 Jacobus
1121 3721 1186 3795 erit
1210 3720 1320 3803 mihi,
1353 3721 1388 3793 ἃ
1428 3723 1595 3809 omnibus

554 3821 823 3915 consanguineis
851 3819 938 3893 mois
966 3820 1072 3893 tertio
1103 3839 1232 3913 genere
1250 3816 1423 3905 affinitatis
1445 3821 1597 3913 conjune

557 3924 653 4005 tius,
676 3924 757 4019 quia
779 3917 925 4017 persona
947 3916 1265 4011 personae·secundi
1284 3921 1420 4014 generis
1441 3941 1503 4017 pet
1521 3943 1596 3993 ma·

461 4097 463 4102 ,
555 4019 795 4102 trimouialem
819 4018 987 4110 copulam
1014 4014 1173 4110 adistis,
1203 4021 1345 4112 tertium
1378 4040 1489 4114 genus
1520 4015 1597 4104 affi-

553 4120 672 4202 nitatis
699 4117 890 4204 constituit·
921 4118 963 4197 In
989 4114 1042 4189 his
1070 4118 1179 4191 tribus
1200 4114 1374 4208 affinitatis
1405 4121 1594 4214 generibus

553 4219 823 4297 matrimonium
845 4215 934 4292 olim
964 4216 1053 4290 intra
1076 4228 1193 4296 cettos
1218 4215 1348 4313 gradus
1370 4218 1595 4309 prohibitum

554 4333 650 4406 erut,
675 4332 714 4395 ut
761 4329 830 4392 atet
857 4339 903 4394 ex
926 4315 1026 4392 variis
1053 4310 1259 4391 Canonibus
1287 4316 1400 4393 relatis
1427 4318 1601 4434 causam,

555 4441 617 4515 qu.
636 4433 692 4494 to.
737 4438 855 4510 ¹erum
879 4413 1092 4522 secundum,
1117 4412 1318 4490 &tertium
1349 4438 1463 4510 genus
1485 4414 1598 4490 affini·

552 4521 633 4613 tatis
651 4516 759 4612 uadis
772 4514 944 4609 subletum
965 4512 1035 4608 eii,
1055 4533 1123 4605 uss
1138 4515 1406 4607 matrimonium
1425 4517 1599 4699 ingratis,

1494 4635 1512 4692 e
1601 4657 1604 4664 .
