<?xml version="1.0" encoding="UTF-8"?>
<!DOCTYPE html PUBLIC "-//W3C//DTD XHTML 1.0 Transitional//EN"
    "http://www.w3.org/TR/xhtml1/DTD/xhtml1-transitional.dtd">
<html xmlns="http://www.w3.org/1999/xhtml" xml:lang="en" lang="en">
 <head>
  <title>
</title>
<meta http-equiv="Content-Type" content="text/html;charset=utf-8" />
  <meta name='ocr-system' content='tesseract 3.04.00' />
  <meta name='ocr-capabilities' content='ocr_page ocr_carea ocr_par ocr_line ocrx_word'/>
</head>
<body>
  <div class='ocr_page' id='page_1' title='image "./theologiadogmat05alexgoog_0106.png"; bbox 0 0 3700 5425; ppageno 0'>
   <div class='ocr_carea' id='block_1_1' title="bbox 488 529 1398 653">
    <p class='ocr_par' dir='ltr' id='par_1_1' title="bbox 488 529 1398 653">
     <span class='ocr_line' id='line_1_1' title="bbox 488 529 1398 653; baseline -0.003 -20"><span class='ocrx_word' id='word_1_1' title='bbox 488 557 546 647; x_wconf 78' lang='lat'>96</span> <span class='ocrx_word' id='word_1_2' title='bbox 657 531 811 632; x_wconf 85' lang='lat' dir='ltr'>Theoi.</span> <span class='ocrx_word' id='word_1_3' title='bbox 841 538 956 653; x_wconf 72' lang='lat' dir='ltr'>Dog,</span> <span class='ocrx_word' id='word_1_4' title='bbox 987 529 1192 627; x_wconf 76' lang='lat' dir='ltr'>&amp;Morari</span> <span class='ocrx_word' id='word_1_5' title='bbox 1221 532 1314 630; x_wconf 80' lang='lat' dir='ltr'>Lib.</span> <span class='ocrx_word' id='word_1_6' title='bbox 1343 534 1398 631; x_wconf 90' lang='grc' dir='ltr'>ΙΙ.</span> 
     </span>
    </p>
   </div>
   <div class='ocr_carea' id='block_1_2' title="bbox 279 704 1556 2296">
    <p class='ocr_par' dir='ltr' id='par_1_2' title="bbox 279 704 1556 2296">
     <span class='ocr_line' id='line_1_2' title="bbox 286 704 1534 870; baseline 0.005 -85"><span class='ocrx_word' id='word_1_7' title='bbox 286 734 333 807; x_wconf 58' lang='lat' dir='ltr'>D,</span> <span class='ocrx_word' id='word_1_8' title='bbox 352 756 433 810; x_wconf 81' lang='lat' dir='ltr'>meru</span> <span class='ocrx_word' id='word_1_9' title='bbox 452 765 469 807; x_wconf 81' lang='lat' dir='ltr'>a</span> <span class='ocrx_word' id='word_1_10' title='bbox 488 711 574 870; x_wconf 85' lang='lat' dir='ltr'>N</span> <span class='ocrx_word' id='word_1_11' title='bbox 588 733 680 810; x_wconf 89' lang='lat' dir='ltr'>eque</span> <span class='ocrx_word' id='word_1_12' title='bbox 702 710 797 783; x_wconf 88' lang='lat' dir='ltr'>enim</span> <span class='ocrx_word' id='word_1_13' title='bbox 821 705 1007 785; x_wconf 81' lang='lat' dir='ltr'>consensus</span> <span class='ocrx_word' id='word_1_14' title='bbox 1024 706 1082 782; x_wconf 87' lang='lat' dir='ltr'>taii</span> <span class='ocrx_word' id='word_1_15' title='bbox 1101 720 1198 782; x_wconf 88' lang='lat' dir='ltr'>metu</span> <span class='ocrx_word' id='word_1_16' title='bbox 1221 704 1399 805; x_wconf 78' lang='lat' dir='ltr'>eapreffus</span> <span class='ocrx_word' id='word_1_17' title='bbox 1417 709 1534 791; x_wconf 83' lang='lat' dir='ltr'>obstat</span> 
     </span>
     <span class='ocr_line' id='line_1_3' title="bbox 281 801 1534 906; baseline 0.002 -22"><span class='ocrx_word' id='word_1_18' title='bbox 281 822 367 884; x_wconf 77' lang='lat' dir='ltr'>eausa</span> <span class='ocrx_word' id='word_1_19' title='bbox 383 828 469 885; x_wconf 81' lang='lat' dir='ltr'>ineer-</span> <span class='ocrx_word' id='word_1_20' title='bbox 606 810 755 884; x_wconf 86' lang='lat' dir='ltr'>irbertati</span> <span class='ocrx_word' id='word_1_21' title='bbox 779 806 983 884; x_wconf 75' lang='lat' dir='ltr'>eletiionis.</span> <span class='ocrx_word' id='word_1_22' title='bbox 1002 824 1121 906; x_wconf 75' lang='lat' dir='ltr'>vneque</span> <span class='ocrx_word' id='word_1_23' title='bbox 1138 804 1285 882; x_wconf 82' lang='lat' dir='ltr'>Ecclesia</span> <span class='ocrx_word' id='word_1_24' title='bbox 1308 801 1534 891; x_wconf 73' lang='lat' dir='ltr'>contraiiunr</span> 
     </span>
     <span class='ocr_line' id='line_1_4' title="bbox 281 903 1535 1002; baseline 0.001 -15"><span class='ocrx_word' id='word_1_25' title='bbox 281 918 319 987; x_wconf 72' lang='lat'>¹²3¹</span> <span class='ocrx_word' id='word_1_26' title='bbox 338 919 441 976; x_wconf 81' lang='lat' dir='ltr'>prove·</span> <span class='ocrx_word' id='word_1_27' title='bbox 465 933 530 998; x_wconf 84' lang='lat' dir='ltr'>¹err</span> <span class='ocrx_word' id='word_1_28' title='bbox 559 931 604 985; x_wconf 87' lang='lat' dir='ltr'>eo</span> <span class='ocrx_word' id='word_1_29' title='bbox 626 907 758 984; x_wconf 73' lang='lat' dir='ltr'>iudum</span> <span class='ocrx_word' id='word_1_30' title='bbox 780 905 932 982; x_wconf 72' lang='lat' dir='ltr'>declarat</span> <span class='ocrx_word' id='word_1_31' title='bbox 954 908 1100 981; x_wconf 88' lang='lat' dir='ltr'>irritum·</span> <span class='ocrx_word' id='word_1_32' title='bbox 1135 903 1171 979; x_wconf 85' lang='lat' dir='ltr'>Si</span> <span class='ocrx_word' id='word_1_33' title='bbox 1194 910 1275 1002; x_wconf 76' lang='lat' dir='ltr'>quia</span> <span class='ocrx_word' id='word_1_34' title='bbox 1303 908 1410 1002; x_wconf 88' lang='lat' dir='ltr'>igitur</span> <span class='ocrx_word' id='word_1_35' title='bbox 1435 927 1535 989; x_wconf 88' lang='lat' dir='ltr'>metu</span> 
     </span>
     <span class='ocr_line' id='line_1_5' title="bbox 279 989 1535 1094; baseline -0.002 -10"><span class='ocrx_word' id='word_1_36' title='bbox 279 989 391 1038; x_wconf 52' lang='grc' dir='ltr'>Μ*</span> <span class='ocrx_word' id='word_1_37' title='bbox 484 1009 722 1084; x_wconf 78' lang='lat' dir='ltr'><strong>damnationis</strong></span> <span class='ocrx_word' id='word_1_38' title='bbox 757 1027 925 1090; x_wconf 87' lang='lat' dir='ltr'>aeternae,</span> <span class='ocrx_word' id='word_1_39' title='bbox 951 1006 1005 1078; x_wconf 89' lang='lat' dir='ltr'>vel</span> <span class='ocrx_word' id='word_1_40' title='bbox 1041 1011 1168 1082; x_wconf 80' lang='lat' dir='ltr'>mortis</span> <span class='ocrx_word' id='word_1_41' title='bbox 1203 1027 1249 1079; x_wconf 85' lang='lat' dir='ltr'>ex</span> <span class='ocrx_word' id='word_1_42' title='bbox 1280 1015 1413 1081; x_wconf 88' lang='lat' dir='ltr'>morbo</span> <span class='ocrx_word' id='word_1_43' title='bbox 1437 1056 1448 1094; x_wconf 91' lang='lat'>,</span> <span class='ocrx_word' id='word_1_44' title='bbox 1471 1026 1535 1089; x_wconf 86' lang='lat' dir='ltr'>aut</span> 
     </span>
     <span class='ocr_line' id='line_1_6' title="bbox 485 1100 1532 1203; baseline 0.001 -19"><span class='ocrx_word' id='word_1_45' title='bbox 485 1106 697 1201; x_wconf 69' lang='lat' dir='ltr'>naufragio,</span> <span class='ocrx_word' id='word_1_46' title='bbox 728 1107 948 1179; x_wconf 80' lang='lat' dir='ltr'>imminentia</span> <span class='ocrx_word' id='word_1_47' title='bbox 966 1105 1073 1180; x_wconf 88' lang='lat' dir='ltr'>ducat</span> <span class='ocrx_word' id='word_1_48' title='bbox 1101 1127 1286 1189; x_wconf 70' lang='lat' dir='ltr'>uxorem,</span> <span class='ocrx_word' id='word_1_49' title='bbox 1310 1127 1417 1203; x_wconf 88' lang='lat' dir='ltr'>quam</span> <span class='ocrx_word' id='word_1_50' title='bbox 1449 1100 1532 1187; x_wconf 77' lang='lat' dir='ltr'>aliae</span> 
     </span>
     <span class='ocr_line' id='line_1_7' title="bbox 485 1204 1529 1290; baseline 0.003 -7"><span class='ocrx_word' id='word_1_51' title='bbox 485 1230 561 1284; x_wconf 90' lang='lat' dir='ltr'>non</span> <span class='ocrx_word' id='word_1_52' title='bbox 585 1205 756 1290; x_wconf 74' lang='lat' dir='ltr'>duceret,</span> <span class='ocrx_word' id='word_1_53' title='bbox 785 1225 898 1279; x_wconf 89' lang='lat' dir='ltr'>rarum</span> <span class='ocrx_word' id='word_1_54' title='bbox 924 1206 1191 1280; x_wconf 82' lang='lat' dir='ltr'>matrimonium</span> <span class='ocrx_word' id='word_1_55' title='bbox 1213 1204 1273 1278; x_wconf 86' lang='lat' dir='ltr'>est·</span> <span class='ocrx_word' id='word_1_56' title='bbox 1307 1204 1343 1279; x_wconf 77' lang='lat' dir='ltr'>Si</span> <span class='ocrx_word' id='word_1_57' title='bbox 1369 1208 1529 1286; x_wconf 72' lang='lat' dir='ltr'>medicus</span> 
     </span>
     <span class='ocr_line' id='line_1_8' title="bbox 486 1301 1530 1402; baseline 0.003 -23"><span class='ocrx_word' id='word_1_58' title='bbox 486 1328 585 1402; x_wconf 87' lang='lat' dir='ltr'>aegro</span> <span class='ocrx_word' id='word_1_59' title='bbox 606 1309 760 1379; x_wconf 79' lang='lat' dir='ltr'>minetur</span> <span class='ocrx_word' id='word_1_60' title='bbox 780 1303 812 1378; x_wconf 87' lang='lat' dir='ltr'>se</span> <span class='ocrx_word' id='word_1_61' title='bbox 840 1303 953 1398; x_wconf 84' lang='lat' dir='ltr'>ipsum</span> <span class='ocrx_word' id='word_1_62' title='bbox 977 1302 1250 1385; x_wconf 73' lang='lat' dir='ltr'>dereiidiurunr,</span> <span class='ocrx_word' id='word_1_63' title='bbox 1274 1301 1335 1378; x_wconf 82' lang='lat' dir='ltr'>run</span> <span class='ocrx_word' id='word_1_64' title='bbox 1361 1302 1438 1381; x_wconf 84' lang='lat' dir='ltr'>filiae</span> <span class='ocrx_word' id='word_1_65' title='bbox 1461 1309 1530 1385; x_wconf 74' lang='lat' dir='ltr'>suan</span> 
     </span>
     <span class='ocr_line' id='line_1_9' title="bbox 486 1399 1532 1504; baseline 0.001 -22"><span class='ocrx_word' id='word_1_66' title='bbox 486 1409 598 1482; x_wconf 88' lang='lat' dir='ltr'>nubat</span> <span class='ocrx_word' id='word_1_67' title='bbox 611 1459 621 1489; x_wconf 96' lang='lat'>,</span> <span class='ocrx_word' id='word_1_68' title='bbox 635 1403 794 1502; x_wconf 82' lang='lat' dir='ltr'>quamuis</span> <span class='ocrx_word' id='word_1_69' title='bbox 815 1404 861 1476; x_wconf 84' lang='lat' dir='ltr'>ite</span> <span class='ocrx_word' id='word_1_70' title='bbox 877 1403 924 1477; x_wconf 82' lang='lat' dir='ltr'>iiii</span> <span class='ocrx_word' id='word_1_71' title='bbox 939 1399 1119 1477; x_wconf 86' lang='lat' dir='ltr'>neceiiaria</span> <span class='ocrx_word' id='word_1_72' title='bbox 1141 1401 1182 1479; x_wconf 86' lang='lat' dir='ltr'>iit</span> <span class='ocrx_word' id='word_1_73' title='bbox 1201 1401 1275 1478; x_wconf 82' lang='lat' dir='ltr'>talis</span> <span class='ocrx_word' id='word_1_74' title='bbox 1292 1404 1419 1480; x_wconf 90' lang='lat' dir='ltr'>medici</span> <span class='ocrx_word' id='word_1_75' title='bbox 1440 1430 1532 1504; x_wconf 86' lang='lat' dir='ltr'>ope·</span> 
     </span>
     <span class='ocr_line' id='line_1_10' title="bbox 487 1498 1530 1598; baseline 0.003 -18"><span class='ocrx_word' id='word_1_76' title='bbox 487 1528 545 1589; x_wconf 89' lang='lat' dir='ltr'>ra,</span> <span class='ocrx_word' id='word_1_77' title='bbox 569 1522 609 1579; x_wconf 90' lang='lat' dir='ltr'>ut</span> <span class='ocrx_word' id='word_1_78' title='bbox 631 1505 701 1577; x_wconf 84' lang='lat' dir='ltr'>fine</span> <span class='ocrx_word' id='word_1_79' title='bbox 721 1526 760 1576; x_wconf 85' lang='lat' dir='ltr'>ea</span> <span class='ocrx_word' id='word_1_80' title='bbox 779 1501 871 1577; x_wconf 83' lang='lat' dir='ltr'>nulia</span> <span class='ocrx_word' id='word_1_81' title='bbox 894 1498 955 1595; x_wconf 83' lang='lat' dir='ltr'>ipsi</span> <span class='ocrx_word' id='word_1_82' title='bbox 981 1501 1121 1597; x_wconf 79' lang='lat' dir='ltr'>ruperfir</span> <span class='ocrx_word' id='word_1_83' title='bbox 1145 1501 1218 1598; x_wconf 83' lang='lat' dir='ltr'>spes</span> <span class='ocrx_word' id='word_1_84' title='bbox 1243 1498 1426 1589; x_wconf 85' lang='lat' dir='ltr'>sanitatis,</span> <span class='ocrx_word' id='word_1_85' title='bbox 1452 1530 1530 1583; x_wconf 78' lang='lat' dir='ltr'>nra-</span> 
     </span>
     <span class='ocr_line' id='line_1_11' title="bbox 489 1599 1524 1697; baseline -0.001 -16"><span class='ocrx_word' id='word_1_86' title='bbox 489 1607 697 1681; x_wconf 83' lang='lat' dir='ltr'>irimoniunr</span> <span class='ocrx_word' id='word_1_87' title='bbox 718 1623 763 1675; x_wconf 88' lang='lat' dir='ltr'>ex</span> <span class='ocrx_word' id='word_1_88' title='bbox 780 1599 982 1697; x_wconf 84' lang='lat' dir='ltr'>hujusmodi</span> <span class='ocrx_word' id='word_1_89' title='bbox 998 1617 1095 1678; x_wconf 88' lang='lat' dir='ltr'>metu</span> <span class='ocrx_word' id='word_1_90' title='bbox 1108 1601 1327 1677; x_wconf 80' lang='lat' dir='ltr'>contratrum</span> <span class='ocrx_word' id='word_1_91' title='bbox 1348 1603 1524 1692; x_wconf 76' lang='lat' dir='ltr'>validum,</span> 
     </span>
     <span class='ocr_line' id='line_1_12' title="bbox 488 1699 1530 1797; baseline 0.002 -19"><span class='ocrx_word' id='word_1_92' title='bbox 488 1726 529 1778; x_wconf 85' lang='lat' dir='ltr'>rc</span> <span class='ocrx_word' id='word_1_93' title='bbox 544 1718 660 1777; x_wconf 84' lang='lat' dir='ltr'>ratum</span> <span class='ocrx_word' id='word_1_94' title='bbox 681 1700 741 1780; x_wconf 86' lang='lat' dir='ltr'>est.</span> <span class='ocrx_word' id='word_1_95' title='bbox 770 1699 856 1776; x_wconf 87' lang='lat' dir='ltr'>Nou</span> <span class='ocrx_word' id='word_1_96' title='bbox 873 1704 966 1775; x_wconf 89' lang='lat' dir='ltr'>eninr</span> <span class='ocrx_word' id='word_1_97' title='bbox 981 1702 1139 1777; x_wconf 86' lang='lat' dir='ltr'>medicus</span> <span class='ocrx_word' id='word_1_98' title='bbox 1153 1702 1295 1797; x_wconf 79' lang='lat' dir='ltr'>proprie</span> <span class='ocrx_word' id='word_1_99' title='bbox 1314 1700 1435 1777; x_wconf 72' lang='lat' dir='ltr'>audior</span> <span class='ocrx_word' id='word_1_100' title='bbox 1452 1728 1530 1780; x_wconf 87' lang='lat' dir='ltr'>rne-</span> 
     </span>
     <span class='ocr_line' id='line_1_13' title="bbox 486 1800 1527 1899; baseline 0.003 -23"><span class='ocrx_word' id='word_1_101' title='bbox 486 1818 543 1878; x_wconf 84' lang='lat' dir='ltr'>rue</span> <span class='ocrx_word' id='word_1_102' title='bbox 572 1801 641 1886; x_wconf 90' lang='lat' dir='ltr'>est,</span> <span class='ocrx_word' id='word_1_103' title='bbox 657 1822 732 1899; x_wconf 91' lang='lat' dir='ltr'>quo</span> <span class='ocrx_word' id='word_1_104' title='bbox 758 1800 924 1894; x_wconf 79' lang='lat' dir='ltr'>impuii&#39;us</span> <span class='ocrx_word' id='word_1_105' title='bbox 949 1821 1041 1895; x_wconf 84' lang='lat' dir='ltr'>aeger</span> <span class='ocrx_word' id='word_1_106' title='bbox 1075 1801 1305 1875; x_wconf 89' lang='lat' dir='ltr'>matrimonio</span> <span class='ocrx_word' id='word_1_107' title='bbox 1326 1801 1527 1889; x_wconf 76' lang='lat' dir='ltr'>consentit,</span> 
     </span>
     <span class='ocr_line' id='line_1_14' title="bbox 483 1898 1528 1995; baseline 0.004 -19"><span class='ocrx_word' id='word_1_108' title='bbox 483 1900 541 1976; x_wconf 83' lang='lat' dir='ltr'>sed</span> <span class='ocrx_word' id='word_1_109' title='bbox 557 1903 703 1975; x_wconf 89' lang='lat' dir='ltr'>morbus</span> <span class='ocrx_word' id='word_1_110' title='bbox 716 1904 853 1995; x_wconf 81' lang='lat' dir='ltr'>grauis,</span> <span class='ocrx_word' id='word_1_111' title='bbox 868 1921 909 1973; x_wconf 91' lang='lat' dir='ltr'>ac</span> <span class='ocrx_word' id='word_1_112' title='bbox 923 1899 1157 1995; x_wconf 77' lang='lat' dir='ltr'>periculosus,</span> <span class='ocrx_word' id='word_1_113' title='bbox 1173 1920 1247 1986; x_wconf 81' lang='lat' dir='ltr'>ouo</span> <span class='ocrx_word' id='word_1_114' title='bbox 1271 1898 1418 1980; x_wconf 83' lang='lat' dir='ltr'>laborat,</span> <span class='ocrx_word' id='word_1_115' title='bbox 1447 1902 1528 1980; x_wconf 85' lang='lat' dir='ltr'>Neu</span> 
     </span>
     <span class='ocr_line' id='line_1_15' title="bbox 483 1998 1528 2096; baseline 0.004 -21"><span class='ocrx_word' id='word_1_116' title='bbox 483 2003 637 2081; x_wconf 80' lang='lat' dir='ltr'>nurum,</span> <span class='ocrx_word' id='word_1_117' title='bbox 659 1998 758 2096; x_wconf 90' lang='lat' dir='ltr'>quod</span> <span class='ocrx_word' id='word_1_118' title='bbox 772 2001 1037 2074; x_wconf 84' lang='lat' dir='ltr'>matrimonium</span> <span class='ocrx_word' id='word_1_119' title='bbox 1053 2023 1099 2074; x_wconf 82' lang='lat' dir='ltr'>ex</span> <span class='ocrx_word' id='word_1_120' title='bbox 1115 1998 1171 2074; x_wconf 77' lang='lat' dir='ltr'>tait</span> <span class='ocrx_word' id='word_1_121' title='bbox 1186 2013 1283 2072; x_wconf 86' lang='lat' dir='ltr'>metu</span> <span class='ocrx_word' id='word_1_122' title='bbox 1302 2004 1528 2079; x_wconf 71' lang='lat' dir='ltr'>contraitum</span> 
     </span>
     <span class='ocr_line' id='line_1_16' title="bbox 483 2095 1531 2192; baseline 0.004 -17"><span class='ocrx_word' id='word_1_123' title='bbox 483 2096 634 2175; x_wconf 85' lang='lat' dir='ltr'>Eccieiia</span> <span class='ocrx_word' id='word_1_124' title='bbox 655 2114 770 2173; x_wconf 86' lang='lat' dir='ltr'>ratum</span> <span class='ocrx_word' id='word_1_125' title='bbox 791 2097 935 2181; x_wconf 83' lang='lat' dir='ltr'>habeat,</span> <span class='ocrx_word' id='word_1_126' title='bbox 955 2102 1039 2174; x_wconf 90' lang='lat' dir='ltr'>curn</span> <span class='ocrx_word' id='word_1_127' title='bbox 1064 2101 1100 2173; x_wconf 81' lang='lat' dir='ltr'>de</span> <span class='ocrx_word' id='word_1_128' title='bbox 1126 2095 1321 2192; x_wconf 85' lang='lat' dir='ltr'>religiosam</span> <span class='ocrx_word' id='word_1_129' title='bbox 1341 2097 1531 2178; x_wconf 79' lang='lat' dir='ltr'>Profeffro·</span> 
     </span>
     <span class='ocr_line' id='line_1_17' title="bbox 481 2198 1556 2296; baseline 0.005 -23"><span class='ocrx_word' id='word_1_130' title='bbox 481 2221 566 2273; x_wconf 88' lang='lat' dir='ltr'>nem</span> <span class='ocrx_word' id='word_1_131' title='bbox 584 2200 780 2291; x_wconf 82' lang='lat' dir='ltr'>approbet,</span> <span class='ocrx_word' id='word_1_132' title='bbox 798 2198 841 2272; x_wconf 92' lang='lat' dir='ltr'>ad</span> <span class='ocrx_word' id='word_1_133' title='bbox 858 2219 964 2290; x_wconf 80' lang='lat' dir='ltr'>urrarn</span> <span class='ocrx_word' id='word_1_134' title='bbox 978 2198 1098 2290; x_wconf 81' lang='lat' dir='ltr'>aliquis</span> <span class='ocrx_word' id='word_1_135' title='bbox 1112 2214 1209 2272; x_wconf 88' lang='lat' dir='ltr'>metu</span> <span class='ocrx_word' id='word_1_136' title='bbox 1228 2201 1351 2272; x_wconf 85' lang='lat' dir='ltr'>mortis</span> <span class='ocrx_word' id='word_1_137' title='bbox 1363 2220 1408 2273; x_wconf 82' lang='lat' dir='ltr'>ex</span> <span class='ocrx_word' id='word_1_138' title='bbox 1424 2203 1527 2296; x_wconf 85' lang='lat' dir='ltr'>gravi</span> <span class='ocrx_word' id='word_1_139' title='bbox 1554 2224 1556 2229; x_wconf 86' lang='lat'>·</span> 
     </span>
    </p>
   </div>
   <div class='ocr_carea' id='block_1_3' title="bbox 395 2292 1529 2489">
    <p class='ocr_par' dir='ltr' id='par_1_3' title="bbox 395 2292 1529 2489">
     <span class='ocr_line' id='line_1_18' title="bbox 395 2292 1529 2398; baseline 0.004 -26"><span class='ocrx_word' id='word_1_140' title='bbox 395 2292 408 2303; x_wconf 87' lang='grc'><strong>’</strong></span> <span class='ocrx_word' id='word_1_141' title='bbox 480 2296 1529 2398; x_wconf 73' lang='lat' dir='ltr'>aegritudineirnminentuinnuuusest,utconstatexarp·</span> 
     </span>
     <span class='ocr_line' id='line_1_19' title="bbox 481 2391 1141 2489; baseline -0.003 -23"><span class='ocrx_word' id='word_1_142' title='bbox 481 2401 573 2467; x_wconf 75' lang='lat' dir='ltr'>dicut</span> <span class='ocrx_word' id='word_1_143' title='bbox 594 2392 707 2481; x_wconf 77' lang='lat' dir='ltr'>nobis,</span> <span class='ocrx_word' id='word_1_144' title='bbox 729 2391 810 2472; x_wconf 80' lang='lat' dir='ltr'>Ext·</span> <span class='ocrx_word' id='word_1_145' title='bbox 837 2400 891 2469; x_wconf 87' lang='lat' dir='ltr'>De</span> <span class='ocrx_word' id='word_1_146' title='bbox 915 2396 1141 2489; x_wconf 55' lang='lat' dir='ltr'>reputantur</span> 
     </span>
    </p>
   </div>
   <div class='ocr_carea' id='block_1_4' title="bbox 773 2581 1241 2665">
    <p class='ocr_par' dir='ltr' id='par_1_4' title="bbox 773 2581 1241 2665">
     <span class='ocr_line' id='line_1_20' title="bbox 773 2581 1241 2665; baseline -0.017 -2"><span class='ocrx_word' id='word_1_147' title='bbox 773 2581 1106 2664; x_wconf 82' lang='lat' dir='ltr'>REGULA</span> <span class='ocrx_word' id='word_1_148' title='bbox 1157 2582 1241 2665; x_wconf 84' lang='lat' dir='ltr'>IX.</span> 
     </span>
    </p>
   </div>
   <div class='ocr_carea' id='block_1_5' title="bbox 395 2728 1530 3027">
    <p class='ocr_par' dir='ltr' id='par_1_5' title="bbox 395 2728 1530 3027">
     <span class='ocr_line' id='line_1_21' title="bbox 395 2728 1530 2840; baseline 0.005 -22"><span class='ocrx_word' id='word_1_149' title='bbox 395 2749 398 2754; x_wconf 86' lang='lat'>&#39;</span> <span class='ocrx_word' id='word_1_150' title='bbox 478 2728 603 2819; x_wconf 81' lang='lat' dir='ltr'>Metus</span> <span class='ocrx_word' id='word_1_151' title='bbox 630 2741 757 2840; x_wconf 78' lang='lat' dir='ltr'>iniuste</span> <span class='ocrx_word' id='word_1_152' title='bbox 783 2740 937 2818; x_wconf 80' lang='lat' dir='ltr'>incuiius</span> <span class='ocrx_word' id='word_1_153' title='bbox 961 2745 1096 2820; x_wconf 88' lang='lat' dir='ltr'>irritum</span> <span class='ocrx_word' id='word_1_154' title='bbox 1122 2767 1197 2819; x_wconf 90' lang='lat' dir='ltr'>non</span> <span class='ocrx_word' id='word_1_155' title='bbox 1224 2743 1308 2820; x_wconf 87' lang='lat' dir='ltr'>facit</span> <span class='ocrx_word' id='word_1_156' title='bbox 1333 2739 1530 2824; x_wconf 69' lang='lat' dir='ltr'>Matrinio·</span> 
     </span>
     <span class='ocr_line' id='line_1_22' title="bbox 527 2843 1529 2939; baseline 0.005 -21"><span class='ocrx_word' id='word_1_157' title='bbox 527 2847 628 2919; x_wconf 90' lang='lat' dir='ltr'>nium</span> <span class='ocrx_word' id='word_1_158' title='bbox 647 2868 691 2918; x_wconf 85' lang='lat' dir='ltr'>ex</span> <span class='ocrx_word' id='word_1_159' title='bbox 706 2866 751 2918; x_wconf 86' lang='lat' dir='ltr'>eo</span> <span class='ocrx_word' id='word_1_160' title='bbox 771 2843 1013 2926; x_wconf 70' lang='lat' dir='ltr'>contraitum,</span> <span class='ocrx_word' id='word_1_161' title='bbox 1031 2844 1054 2919; x_wconf 91' lang='lat' dir='ltr'>ii</span> <span class='ocrx_word' id='word_1_162' title='bbox 1072 2843 1113 2917; x_wconf 92' lang='lat' dir='ltr'>ad</span> <span class='ocrx_word' id='word_1_163' title='bbox 1128 2846 1417 2939; x_wconf 83' lang='lat' dir='ltr'>extorquendum</span> <span class='ocrx_word' id='word_1_164' title='bbox 1432 2867 1529 2925; x_wconf 86' lang='lat' dir='ltr'>con·-</span> 
     </span>
     <span class='ocr_line' id='line_1_23' title="bbox 526 2941 1337 3027; baseline 0.004 -12"><span class='ocrx_word' id='word_1_165' title='bbox 526 2941 660 3019; x_wconf 81' lang='lat' dir='ltr'>sensum</span> <span class='ocrx_word' id='word_1_166' title='bbox 683 2946 719 3018; x_wconf 88' lang='lat' dir='ltr'>iu</span> <span class='ocrx_word' id='word_1_167' title='bbox 749 2941 1026 3020; x_wconf 85' lang='lat' dir='ltr'>Matrimonium</span> <span class='ocrx_word' id='word_1_168' title='bbox 1047 2945 1161 3020; x_wconf 81' lang='lat' dir='ltr'>illatus</span> <span class='ocrx_word' id='word_1_169' title='bbox 1185 2968 1259 3019; x_wconf 89' lang='lat' dir='ltr'>nou</span> <span class='ocrx_word' id='word_1_170' title='bbox 1284 2942 1337 3027; x_wconf 82' lang='lat' dir='ltr'>srt,</span> 
     </span>
    </p>
   </div>
   <div class='ocr_carea' id='block_1_6' title="bbox 226 3096 1566 4486">
    <p class='ocr_par' dir='ltr' id='par_1_6' title="bbox 226 3096 1566 4486">
     <span class='ocr_line' id='line_1_24' title="bbox 356 3096 1525 3196; baseline -0.009 -20"><span class='ocrx_word' id='word_1_171' title='bbox 356 3185 361 3196; x_wconf 52' lang='grc'><strong>,</strong></span> <span class='ocrx_word' id='word_1_172' title='bbox 568 3122 639 3176; x_wconf 91' lang='lat' dir='ltr'>unc</span> <span class='ocrx_word' id='word_1_173' title='bbox 665 3104 761 3177; x_wconf 86' lang='lat' dir='ltr'>enirn</span> <span class='ocrx_word' id='word_1_174' title='bbox 783 3098 908 3194; x_wconf 81' lang='lat' dir='ltr'>sponte</span> <span class='ocrx_word' id='word_1_175' title='bbox 928 3101 1195 3175; x_wconf 86' lang='lat' dir='ltr'>matrimonium</span> <span class='ocrx_word' id='word_1_176' title='bbox 1223 3098 1364 3196; x_wconf 84' lang='lat' dir='ltr'>eligitur</span> <span class='ocrx_word' id='word_1_177' title='bbox 1384 3096 1427 3174; x_wconf 94' lang='lat' dir='ltr'>ad</span> <span class='ocrx_word' id='word_1_178' title='bbox 1456 3120 1525 3194; x_wconf 77' lang='lat' dir='ltr'>pe.</span> 
     </span>
     <span class='ocr_line' id='line_1_25' title="bbox 275 3173 1525 3292; baseline 0.008 -25"><span class='ocrx_word' id='word_1_179' title='bbox 275 3173 315 3267; x_wconf 54' lang='lat' dir='ltr'>ii·</span> <span class='ocrx_word' id='word_1_180' title='bbox 395 3222 426 3292; x_wconf 49' lang='lat'>‚·</span> <span class='ocrx_word' id='word_1_181' title='bbox 485 3247 491 3258; x_wconf 86' lang='lat'>-</span> <span class='ocrx_word' id='word_1_182' title='bbox 581 3199 759 3286; x_wconf 87' lang='lat' dir='ltr'>ticulum,</span> <span class='ocrx_word' id='word_1_183' title='bbox 783 3202 838 3275; x_wconf 80' lang='lat' dir='ltr'>vel</span> <span class='ocrx_word' id='word_1_184' title='bbox 861 3201 1031 3275; x_wconf 85' lang='lat' dir='ltr'>damnum</span> <span class='ocrx_word' id='word_1_185' title='bbox 1062 3199 1295 3275; x_wconf 83' lang='lat' dir='ltr'>evadendum.</span> <span class='ocrx_word' id='word_1_186' title='bbox 1329 3199 1525 3289; x_wconf 84' lang='lat' dir='ltr'>Quamob-</span> 
     </span>
     <span class='ocr_line' id='line_1_26' title="bbox 272 3273 1523 3401; baseline 0.005 -29"><span class='ocrx_word' id='word_1_187' title='bbox 272 3273 553 3401; x_wconf 53' lang='lat' dir='ltr'>2¹:,¹{.&#39;,¹,¹J„‘p⁰,⁰‘&#39;rem</span> <span class='ocrx_word' id='word_1_188' title='bbox 577 3297 601 3373; x_wconf 85' lang='lat' dir='ltr'>fi</span> <span class='ocrx_word' id='word_1_189' title='bbox 626 3315 809 3397; x_wconf 86' lang='lat' dir='ltr'>parentes,</span> <span class='ocrx_word' id='word_1_190' title='bbox 831 3299 885 3375; x_wconf 85' lang='lat' dir='ltr'>vel</span> <span class='ocrx_word' id='word_1_191' title='bbox 910 3301 1161 3395; x_wconf 80' lang='lat' dir='ltr'>consanguinei</span> <span class='ocrx_word' id='word_1_192' title='bbox 1188 3297 1310 3393; x_wconf 78' lang='lat' dir='ltr'>pueiiae</span> <span class='ocrx_word' id='word_1_193' title='bbox 1332 3297 1523 3378; x_wconf 84' lang='lat' dir='ltr'>hominem</span> 
     </span>
     <span class='ocr_line' id='line_1_27' title="bbox 226 3395 1523 3496; baseline 0.005 -29"><span class='ocrx_word' id='word_1_194' title='bbox 226 3423 231 3430; x_wconf 94' lang='lat'>·</span> <span class='ocrx_word' id='word_1_195' title='bbox 273 3412 335 3469; x_wconf 83' lang='lat' dir='ltr'>nun</span> <span class='ocrx_word' id='word_1_196' title='bbox 349 3410 442 3477; x_wconf 71' lang='lat' dir='ltr'>uinea.</span> <span class='ocrx_word' id='word_1_197' title='bbox 476 3419 560 3472; x_wconf 92' lang='lat' dir='ltr'>cum</span> <span class='ocrx_word' id='word_1_198' title='bbox 575 3401 663 3473; x_wconf 88' lang='lat' dir='ltr'>eain</span> <span class='ocrx_word' id='word_1_199' title='bbox 679 3400 800 3496; x_wconf 86' lang='lat' dir='ltr'>stupro</span> <span class='ocrx_word' id='word_1_200' title='bbox 815 3397 1009 3474; x_wconf 85' lang='lat' dir='ltr'>interficere</span> <span class='ocrx_word' id='word_1_201' title='bbox 1024 3398 1151 3480; x_wconf 83' lang='lat' dir='ltr'>reiinr3</span> <span class='ocrx_word' id='word_1_202' title='bbox 1166 3396 1235 3492; x_wconf 86' lang='lat' dir='ltr'>ipse</span> <span class='ocrx_word' id='word_1_203' title='bbox 1255 3413 1372 3473; x_wconf 91' lang='lat' dir='ltr'>autern</span> <span class='ocrx_word' id='word_1_204' title='bbox 1392 3395 1523 3489; x_wconf 80' lang='lat' dir='ltr'>sponte</span> 
     </span>
     <span class='ocr_line' id='line_1_28' title="bbox 473 3493 1520 3590; baseline 0.005 -20"><span class='ocrx_word' id='word_1_205' title='bbox 473 3495 603 3572; x_wconf 86' lang='lat' dir='ltr'>offerat</span> <span class='ocrx_word' id='word_1_206' title='bbox 620 3501 885 3574; x_wconf 89' lang='lat' dir='ltr'>matrimonium</span> <span class='ocrx_word' id='word_1_207' title='bbox 904 3498 949 3573; x_wconf 86' lang='lat' dir='ltr'>ad</span> <span class='ocrx_word' id='word_1_208' title='bbox 967 3498 1101 3587; x_wconf 84' lang='lat' dir='ltr'>injuriae</span> <span class='ocrx_word' id='word_1_209' title='bbox 1113 3493 1459 3590; x_wconf 70' lang='lat' dir='ltr'>compensationem,</span> <span class='ocrx_word' id='word_1_210' title='bbox 1476 3513 1520 3574; x_wconf 89' lang='lat' dir='ltr'>ut</span> 
     </span>
     <span class='ocr_line' id='line_1_29' title="bbox 471 3595 1518 3693; baseline 0.006 -25"><span class='ocrx_word' id='word_1_211' title='bbox 471 3619 599 3671; x_wconf 88' lang='lat' dir='ltr'>eorunr</span> <span class='ocrx_word' id='word_1_212' title='bbox 626 3597 740 3693; x_wconf 82' lang='lat' dir='ltr'>piacet</span> <span class='ocrx_word' id='word_1_213' title='bbox 761 3601 923 3681; x_wconf 83' lang='lat' dir='ltr'>animos,</span> <span class='ocrx_word' id='word_1_214' title='bbox 947 3613 1060 3672; x_wconf 89' lang='lat' dir='ltr'>ratum</span> <span class='ocrx_word' id='word_1_215' title='bbox 1094 3595 1143 3671; x_wconf 83' lang='lat' dir='ltr'>est</span> <span class='ocrx_word' id='word_1_216' title='bbox 1168 3596 1435 3669; x_wconf 85' lang='lat' dir='ltr'>matrimonium</span> <span class='ocrx_word' id='word_1_217' title='bbox 1468 3618 1518 3674; x_wconf 80' lang='lat' dir='ltr'>ex</span> 
     </span>
     <span class='ocr_line' id='line_1_30' title="bbox 471 3693 1520 3789; baseline -0.01 -20"><span class='ocrx_word' id='word_1_218' title='bbox 471 3695 531 3769; x_wconf 80' lang='lat' dir='ltr'>reli</span> <span class='ocrx_word' id='word_1_219' title='bbox 554 3707 653 3772; x_wconf 87' lang='lat' dir='ltr'>metu</span> <span class='ocrx_word' id='word_1_220' title='bbox 671 3698 914 3779; x_wconf 71' lang='lat' dir='ltr'>contractum,</span> <span class='ocrx_word' id='word_1_221' title='bbox 940 3699 1022 3787; x_wconf 87' lang='lat' dir='ltr'>quia</span> <span class='ocrx_word' id='word_1_222' title='bbox 1045 3693 1106 3789; x_wconf 79' lang='lat' dir='ltr'>ipfi</span> <span class='ocrx_word' id='word_1_223' title='bbox 1128 3707 1282 3769; x_wconf 88' lang='lat' dir='ltr'>mortem</span> <span class='ocrx_word' id='word_1_224' title='bbox 1302 3693 1430 3768; x_wconf 83' lang='lat' dir='ltr'>inferre</span> <span class='ocrx_word' id='word_1_225' title='bbox 1445 3695 1520 3771; x_wconf 76' lang='lat' dir='ltr'>uo.</span> 
     </span>
     <span class='ocr_line' id='line_1_31' title="bbox 468 3790 1518 3887; baseline 0.001 -18"><span class='ocrx_word' id='word_1_226' title='bbox 468 3793 589 3870; x_wconf 88' lang='lat' dir='ltr'>lebant</span> <span class='ocrx_word' id='word_1_227' title='bbox 606 3798 641 3868; x_wconf 93' lang='lat' dir='ltr'>in</span> <span class='ocrx_word' id='word_1_228' title='bbox 666 3796 837 3873; x_wconf 87' lang='lat' dir='ltr'>ultionem</span> <span class='ocrx_word' id='word_1_229' title='bbox 857 3795 1011 3887; x_wconf 76' lang='lat' dir='ltr'>injuriae,</span> <span class='ocrx_word' id='word_1_230' title='bbox 1028 3794 1065 3868; x_wconf 79' lang='lat' dir='ltr'>de</span> <span class='ocrx_word' id='word_1_231' title='bbox 1086 3793 1270 3869; x_wconf 78' lang='lat' dir='ltr'>dedecoris</span> <span class='ocrx_word' id='word_1_232' title='bbox 1290 3791 1428 3867; x_wconf 80' lang='lat' dir='ltr'>famiiiae</span> <span class='ocrx_word' id='word_1_233' title='bbox 1446 3790 1518 3870; x_wconf 79' lang='lat' dir='ltr'>suae</span> 
     </span>
     <span class='ocr_line' id='line_1_32' title="bbox 467 3891 1521 3990; baseline 0.001 -21"><span class='ocrx_word' id='word_1_234' title='bbox 467 3892 576 3977; x_wconf 74' lang='lat' dir='ltr'>illari,</span> <span class='ocrx_word' id='word_1_235' title='bbox 591 3916 664 3969; x_wconf 89' lang='lat' dir='ltr'>non</span> <span class='ocrx_word' id='word_1_236' title='bbox 686 3894 729 3968; x_wconf 86' lang='lat' dir='ltr'>ad</span> <span class='ocrx_word' id='word_1_237' title='bbox 747 3893 1037 3990; x_wconf 86' lang='lat' dir='ltr'>extorquendum</span> <span class='ocrx_word' id='word_1_238' title='bbox 1055 3891 1261 3970; x_wconf 78' lang='lat' dir='ltr'>consensum</span> <span class='ocrx_word' id='word_1_239' title='bbox 1278 3894 1314 3967; x_wconf 92' lang='lat' dir='ltr'>in</span> <span class='ocrx_word' id='word_1_240' title='bbox 1332 3895 1521 3970; x_wconf 85' lang='lat' dir='ltr'>matrimo·</span> 
     </span>
     <span class='ocr_line' id='line_1_33' title="bbox 467 3992 1566 4091; baseline -0.006 -24"><span class='ocrx_word' id='word_1_241' title='bbox 467 3996 592 4070; x_wconf 69' lang='lat' dir='ltr'>nium,</span> <span class='ocrx_word' id='word_1_242' title='bbox 616 3993 716 4091; x_wconf 90' lang='lat' dir='ltr'>quod</span> <span class='ocrx_word' id='word_1_243' title='bbox 749 3993 829 4068; x_wconf 86' lang='lat' dir='ltr'>aiias</span> <span class='ocrx_word' id='word_1_244' title='bbox 851 3993 963 4083; x_wconf 88' lang='lat' dir='ltr'>judex</span> <span class='ocrx_word' id='word_1_245' title='bbox 990 3993 1079 4088; x_wconf 75' lang='lat' dir='ltr'>iuste</span> <span class='ocrx_word' id='word_1_246' title='bbox 1109 3992 1323 4070; x_wconf 86' lang='lat' dir='ltr'>decerneret.</span> <span class='ocrx_word' id='word_1_247' title='bbox 1362 3992 1397 4066; x_wconf 79' lang='lat' dir='ltr'>Si</span> <span class='ocrx_word' id='word_1_248' title='bbox 1425 4015 1515 4070; x_wconf 86' lang='lat' dir='ltr'>vero</span> <span class='ocrx_word' id='word_1_249' title='bbox 1560 4049 1566 4060; x_wconf 89' lang='lat'><em>.</em></span> 
     </span>
     <span class='ocr_line' id='line_1_34' title="bbox 465 4081 1548 4183; baseline -0.001 -18"><span class='ocrx_word' id='word_1_250' title='bbox 465 4106 621 4166; x_wconf 87' lang='lat' dir='ltr'>mortem</span> <span class='ocrx_word' id='word_1_251' title='bbox 646 4093 834 4182; x_wconf 79' lang='lat' dir='ltr'>stupratori</span> <span class='ocrx_word' id='word_1_252' title='bbox 860 4094 1105 4178; x_wconf 86' lang='lat' dir='ltr'>minarentur,</span> <span class='ocrx_word' id='word_1_253' title='bbox 1132 4089 1193 4166; x_wconf 80' lang='lat' dir='ltr'>niti</span> <span class='ocrx_word' id='word_1_254' title='bbox 1216 4087 1368 4183; x_wconf 84' lang='lat' dir='ltr'>pueliam</span> <span class='ocrx_word' id='word_1_255' title='bbox 1395 4081 1548 4169; x_wconf 83' lang='lat' dir='ltr'>statim.</span> 
     </span>
     <span class='ocr_line' id='line_1_35' title="bbox 462 4187 1514 4289; baseline 0.007 -26"><span class='ocrx_word' id='word_1_256' title='bbox 462 4190 629 4268; x_wconf 83' lang='lat' dir='ltr'>ducerer,</span> <span class='ocrx_word' id='word_1_257' title='bbox 650 4191 829 4289; x_wconf 76' lang='lat' dir='ltr'>ipsamque</span> <span class='ocrx_word' id='word_1_258' title='bbox 852 4189 1079 4267; x_wconf 85' lang='lat' dir='ltr'>reriiinriiitet</span> <span class='ocrx_word' id='word_1_259' title='bbox 1103 4187 1211 4266; x_wconf 82' lang='lat' dir='ltr'>effent</span> <span class='ocrx_word' id='word_1_260' title='bbox 1235 4189 1384 4276; x_wconf 84' lang='lat' dir='ltr'>illaturi,</span> <span class='ocrx_word' id='word_1_261' title='bbox 1406 4189 1514 4270; x_wconf 81' lang='lat' dir='ltr'>autd</span> 
     </span>
     <span class='ocr_line' id='line_1_36' title="bbox 461 4287 1518 4386; baseline 0.001 -21"><span class='ocrx_word' id='word_1_262' title='bbox 461 4287 577 4386; x_wconf 84' lang='lat' dir='ltr'>ipium</span> <span class='ocrx_word' id='word_1_263' title='bbox 612 4289 772 4366; x_wconf 86' lang='lat' dir='ltr'>mutilare</span> <span class='ocrx_word' id='word_1_264' title='bbox 801 4291 957 4367; x_wconf 72' lang='lat' dir='ltr'>velient,</span> <span class='ocrx_word' id='word_1_265' title='bbox 983 4292 1038 4365; x_wconf 88' lang='lat' dir='ltr'>vei</span> <span class='ocrx_word' id='word_1_266' title='bbox 1092 4292 1163 4365; x_wconf 88' lang='lat' dir='ltr'>rari</span> <span class='ocrx_word' id='word_1_267' title='bbox 1190 4293 1350 4364; x_wconf 69' lang='lat' dir='ltr'>damno,</span> <span class='ocrx_word' id='word_1_268' title='bbox 1373 4302 1436 4366; x_wconf 91' lang='lat' dir='ltr'>aut</span> <span class='ocrx_word' id='word_1_269' title='bbox 1460 4294 1518 4366; x_wconf 87' lang='lat' dir='ltr'>in·</span> 
     </span>
     <span class='ocr_line' id='line_1_37' title="bbox 458 4385 1566 4486; baseline 0 -25"><span class='ocrx_word' id='word_1_270' title='bbox 458 4387 660 4464; x_wconf 76' lang='lat' dir='ltr'>eonrmodo</span> <span class='ocrx_word' id='word_1_271' title='bbox 676 4385 835 4476; x_wconf 87' lang='lat' dir='ltr'>afficere,</span> <span class='ocrx_word' id='word_1_272' title='bbox 859 4393 995 4468; x_wconf 83' lang='lat' dir='ltr'>irritum</span> <span class='ocrx_word' id='word_1_273' title='bbox 1015 4415 1033 4466; x_wconf 92' lang='lat' dir='ltr'>e</span> <span class='ocrx_word' id='word_1_274' title='bbox 1064 4406 1098 4465; x_wconf 91' lang='lat' dir='ltr'>et</span> <span class='ocrx_word' id='word_1_275' title='bbox 1119 4389 1408 4473; x_wconf 86' lang='lat' dir='ltr'>matrimonium,</span> <span class='ocrx_word' id='word_1_276' title='bbox 1427 4392 1513 4486; x_wconf 71' lang='lat' dir='ltr'>quit</span> <span class='ocrx_word' id='word_1_277' title='bbox 1527 4421 1566 4468; x_wconf 72' lang='lat' dir='ltr'>-e</span> 
     </span>
    </p>
   </div>
   <div class='ocr_carea' id='block_1_7' title="bbox 262 4485 1566 4665">
    <p class='ocr_par' dir='ltr' id='par_1_7' title="bbox 262 4485 1566 4665">
     <span class='ocr_line' id='line_1_38' title="bbox 262 4485 1566 4665; baseline -0.005 -99"><span class='ocrx_word' id='word_1_278' title='bbox 262 4485 283 4584; x_wconf 57' lang='lat' dir='ltr'>J</span> <span class='ocrx_word' id='word_1_279' title='bbox 406 4513 409 4524; x_wconf 94' lang='lat'>·</span> <span class='ocrx_word' id='word_1_280' title='bbox 458 4486 533 4566; x_wconf 76' lang='lat' dir='ltr'>uis</span> <span class='ocrx_word' id='word_1_281' title='bbox 561 4502 677 4568; x_wconf 79' lang='lat' dir='ltr'>metere</span> <span class='ocrx_word' id='word_1_282' title='bbox 693 4490 824 4587; x_wconf 81' lang='lat' dir='ltr'>injuste</span> <span class='ocrx_word' id='word_1_283' title='bbox 846 4494 1043 4576; x_wconf 78' lang='lat' dir='ltr'>incutitur,</span> <span class='ocrx_word' id='word_1_284' title='bbox 1063 4502 1147 4566; x_wconf 77' lang='lat' dir='ltr'>cunt</span> <span class='ocrx_word' id='word_1_285' title='bbox 1170 4505 1332 4586; x_wconf 73' lang='lat' dir='ltr'>petentes</span> <span class='ocrx_word' id='word_1_286' title='bbox 1357 4488 1566 4665; x_wconf 52' lang='lat' dir='ltr'>juppon.</span> 
     </span>
    </p>
   </div>
   <div class='ocr_carea' id='block_1_8' title="bbox 0 0 1870 5425">
    <p class='ocr_par' dir='ltr' id='par_1_8' title="bbox 0 0 1870 5425">
     <span class='ocr_line' id='line_1_39' title="bbox 0 0 1870 5425; baseline 0 0"><span class='ocrx_word' id='word_1_287' title='bbox 0 0 1870 5425; x_wconf 95' lang='lat' dir='ltr'> </span> 
     </span>
    </p>
   </div>
  </div>
 </body>
</html>
