<?xml version="1.0" encoding="UTF-8"?>
<!DOCTYPE html PUBLIC "-//W3C//DTD XHTML 1.0 Transitional//EN"
    "http://www.w3.org/TR/xhtml1/DTD/xhtml1-transitional.dtd">
<html xmlns="http://www.w3.org/1999/xhtml" xml:lang="en" lang="en">
 <head>
  <title>
</title>
<meta http-equiv="Content-Type" content="text/html;charset=utf-8" />
  <meta name='ocr-system' content='tesseract 3.04.00' />
  <meta name='ocr-capabilities' content='ocr_page ocr_carea ocr_par ocr_line ocrx_word'/>
</head>
<body>
  <div class='ocr_page' id='page_1' title='image "./theologiadogmat05alexgoog_0281.png"; bbox 0 0 3700 5425; ppageno 0'>
   <div class='ocr_carea' id='block_1_1' title="bbox 422 528 1487 697">
    <p class='ocr_par' dir='ltr' id='par_1_1' title="bbox 422 528 1487 697">
     <span class='ocr_line' id='line_1_1' title="bbox 422 528 1487 697; baseline -0.025 -49"><span class='ocrx_word' id='word_1_1' title='bbox 422 555 492 647; x_wconf 88' lang='lat' dir='ltr'>De</span> <span class='ocrx_word' id='word_1_2' title='bbox 516 528 785 648; x_wconf 82' lang='lat' dir='ltr'>Sacramento</span> <span class='ocrx_word' id='word_1_3' title='bbox 814 547 1092 656; x_wconf 60' lang='lat' dir='ltr'>lllatrimonill</span> <span class='ocrx_word' id='word_1_4' title='bbox 1220 544 1310 667; x_wconf 65' lang='lat'>2&#39;71&#39;</span> <span class='ocrx_word' id='word_1_5' title='bbox 1379 679 1383 697; x_wconf 89' lang='lat'><em>.</em></span> <span class='ocrx_word' id='word_1_6' title='bbox 1484 608 1487 621; x_wconf 94' lang='lat'><em>.</em></span> 
     </span>
    </p>
   </div>
   <div class='ocr_carea' id='block_1_2' title="bbox 549 724 1014 845">
    <p class='ocr_par' dir='ltr' id='par_1_2' title="bbox 549 724 1014 845">
     <span class='ocr_line' id='line_1_2' title="bbox 549 724 1014 845; baseline -0.011 -41"><span class='ocrx_word' id='word_1_7' title='bbox 549 724 1014 845; x_wconf 81' lang='lat' dir='ltr'>uuouunxi.</span> 
     </span>
    </p>
   </div>
   <div class='ocr_carea' id='block_1_3' title="bbox 257 848 1306 1063">
    <p class='ocr_par' dir='ltr' id='par_1_3' title="bbox 257 848 1306 1063">
     <span class='ocr_line' id='line_1_3' title="bbox 257 848 1306 984; baseline 0.008 -24"><span class='ocrx_word' id='word_1_8' title='bbox 257 880 334 982; x_wconf 66' lang='lat' dir='ltr'>vQpi</span> <span class='ocrx_word' id='word_1_9' title='bbox 355 884 502 962; x_wconf 86' lang='lat' dir='ltr'>muliere</span> <span class='ocrx_word' id='word_1_10' title='bbox 524 884 637 984; x_wconf 89' lang='lat' dir='ltr'>aliqua</span> <span class='ocrx_word' id='word_1_11' title='bbox 656 854 744 961; x_wconf 79' lang='lat' dir='ltr'>fade</span> <span class='ocrx_word' id='word_1_12' title='bbox 767 886 947 963; x_wconf 87' lang='lat' dir='ltr'>abutitur.</span> <span class='ocrx_word' id='word_1_13' title='bbox 971 881 1038 961; x_wconf 76' lang='lat' dir='ltr'>ned</span> <span class='ocrx_word' id='word_1_14' title='bbox 1056 848 1174 962; x_wconf 84' lang='lat' dir='ltr'>tamen</span> <span class='ocrx_word' id='word_1_15' title='bbox 1188 882 1306 968; x_wconf 79' lang='lat' dir='ltr'>tener</span> 
     </span>
     <span class='ocr_line' id='line_1_4' title="bbox 313 983 1306 1063; baseline 0 -1"><span class='ocrx_word' id='word_1_16' title='bbox 313 985 465 1062; x_wconf 85' lang='lat' dir='ltr'>effundit</span> <span class='ocrx_word' id='word_1_17' title='bbox 487 987 577 1060; x_wconf 90' lang='lat' dir='ltr'>intra</span> <span class='ocrx_word' id='word_1_18' title='bbox 600 986 728 1063; x_wconf 67' lang='lat' dir='ltr'>vasa&amp;</span> <span class='ocrx_word' id='word_1_19' title='bbox 750 987 780 1060; x_wconf 86' lang='lat' dir='ltr'>ti</span> <span class='ocrx_word' id='word_1_20' title='bbox 801 986 860 1061; x_wconf 87' lang='lat' dir='ltr'>dat</span> <span class='ocrx_word' id='word_1_21' title='bbox 880 983 987 1061; x_wconf 84' lang='lat' dir='ltr'>fidem</span> <span class='ocrx_word' id='word_1_22' title='bbox 1003 988 1048 1061; x_wconf 91' lang='lat' dir='ltr'>de</span> <span class='ocrx_word' id='word_1_23' title='bbox 1073 989 1306 1062; x_wconf 88' lang='lat' dir='ltr'>matrimonio</span> 
     </span>
    </p>
   </div>
   <div class='ocr_carea' id='block_1_4' title="bbox 309 1078 1420 1181">
    <p class='ocr_par' dir='ltr' id='par_1_4' title="bbox 309 1078 1420 1181">
     <span class='ocr_line' id='line_1_5' title="bbox 309 1078 1420 1181; baseline -0.001 -18"><span class='ocrx_word' id='word_1_24' title='bbox 309 1110 391 1163; x_wconf 91' lang='lat' dir='ltr'>cum</span> <span class='ocrx_word' id='word_1_25' title='bbox 413 1087 481 1178; x_wconf 83' lang='lat' dir='ltr'>ipl&#39;a</span> <span class='ocrx_word' id='word_1_26' title='bbox 498 1083 748 1176; x_wconf 85' lang='lat' dir='ltr'>contrahendo</span> <span class='ocrx_word' id='word_1_27' title='bbox 761 1085 840 1180; x_wconf 88' lang='lat' dir='ltr'>post</span> <span class='ocrx_word' id='word_1_28' title='bbox 860 1099 1016 1160; x_wconf 85' lang='lat' dir='ltr'>mortem</span> <span class='ocrx_word' id='word_1_29' title='bbox 1037 1087 1223 1181; x_wconf 82' lang='lat' dir='ltr'>conjugis.</span> <span class='ocrx_word' id='word_1_30' title='bbox 1247 1085 1306 1162; x_wconf 78' lang='lat' dir='ltr'>vel</span> <span class='ocrx_word' id='word_1_31' title='bbox 1412 1078 1420 1109; x_wconf 61' lang='lat'><strong>*</strong></span> 
     </span>
    </p>
   </div>
   <div class='ocr_carea' id='block_1_5' title="bbox 262 1180 1313 1596">
    <p class='ocr_par' dir='ltr' id='par_1_5' title="bbox 262 1180 1313 1596">
     <span class='ocr_line' id='line_1_6' title="bbox 310 1180 1308 1283; baseline -0.003 -20"><span class='ocrx_word' id='word_1_32' title='bbox 310 1208 393 1263; x_wconf 86' lang='lat' dir='ltr'>cum</span> <span class='ocrx_word' id='word_1_33' title='bbox 414 1185 482 1276; x_wconf 85' lang='lat' dir='ltr'>ipsa</span> <span class='ocrx_word' id='word_1_34' title='bbox 509 1184 553 1258; x_wconf 88' lang='lat' dir='ltr'>de</span> <span class='ocrx_word' id='word_1_35' title='bbox 574 1184 665 1259; x_wconf 80' lang='lat' dir='ltr'>latlo</span> <span class='ocrx_word' id='word_1_36' title='bbox 692 1183 872 1260; x_wconf 79' lang='lat' dir='ltr'>contrahit</span> <span class='ocrx_word' id='word_1_37' title='bbox 899 1190 1058 1283; x_wconf 87' lang='lat' dir='ltr'>quamvis</span> <span class='ocrx_word' id='word_1_38' title='bbox 1087 1180 1308 1281; x_wconf 80' lang='lat' dir='ltr'>gravillrmo·</span> 
     </span>
     <span class='ocr_line' id='line_1_7' title="bbox 306 1282 1306 1377; baseline 0.001 -16"><span class='ocrx_word' id='word_1_39' title='bbox 306 1310 388 1361; x_wconf 89' lang='lat' dir='ltr'>rum</span> <span class='ocrx_word' id='word_1_40' title='bbox 427 1300 655 1377; x_wconf 89' lang='lat' dir='ltr'>peccatorum</span> <span class='ocrx_word' id='word_1_41' title='bbox 683 1282 721 1359; x_wconf 86' lang='lat' dir='ltr'>ht</span> <span class='ocrx_word' id='word_1_42' title='bbox 744 1306 847 1369; x_wconf 85' lang='lat' dir='ltr'>reus;</span> <span class='ocrx_word' id='word_1_43' title='bbox 877 1283 900 1359; x_wconf 86' lang='lat' dir='ltr'><strong>fi</strong></span> <span class='ocrx_word' id='word_1_44' title='bbox 930 1302 1047 1359; x_wconf 87' lang='lat' dir='ltr'>tamen</span> <span class='ocrx_word' id='word_1_45' title='bbox 1071 1284 1163 1358; x_wconf 89' lang='lat' dir='ltr'>illam</span> <span class='ocrx_word' id='word_1_46' title='bbox 1197 1284 1306 1362; x_wconf 83' lang='lat' dir='ltr'>ducat</span> 
     </span>
     <span class='ocr_line' id='line_1_8' title="bbox 307 1383 1306 1480; baseline -0.002 -18"><span class='ocrx_word' id='word_1_47' title='bbox 307 1408 461 1462; x_wconf 84' lang='lat' dir='ltr'>uxorem</span> <span class='ocrx_word' id='word_1_48' title='bbox 481 1383 560 1480; x_wconf 90' lang='lat' dir='ltr'>post</span> <span class='ocrx_word' id='word_1_49' title='bbox 579 1388 719 1458; x_wconf 89' lang='lat' dir='ltr'>obitum</span> <span class='ocrx_word' id='word_1_50' title='bbox 741 1386 929 1478; x_wconf 66' lang='lat' dir='ltr'>conjugis,</span> <span class='ocrx_word' id='word_1_51' title='bbox 950 1386 1219 1460; x_wconf 84' lang='lat' dir='ltr'>matrimonium</span> <span class='ocrx_word' id='word_1_52' title='bbox 1243 1408 1306 1460; x_wconf 83' lang='lat' dir='ltr'>ne·-</span> 
     </span>
     <span class='ocr_line' id='line_1_9' title="bbox 262 1482 1313 1596; baseline 0.005 -36"><span class='ocrx_word' id='word_1_53' title='bbox 262 1524 266 1531; x_wconf 92' lang='lat'>·</span> <span class='ocrx_word' id='word_1_54' title='bbox 307 1507 488 1582; x_wconf 86' lang='lat' dir='ltr'>quaquam</span> <span class='ocrx_word' id='word_1_55' title='bbox 512 1486 649 1559; x_wconf 89' lang='lat' dir='ltr'>irritum</span> <span class='ocrx_word' id='word_1_56' title='bbox 670 1482 883 1596; x_wconf 81' lang='lat' dir='ltr'>censendum</span> <span class='ocrx_word' id='word_1_57' title='bbox 911 1483 971 1559; x_wconf 76' lang='lat' dir='ltr'>est·</span> <span class='ocrx_word' id='word_1_58' title='bbox 1290 1484 1313 1565; x_wconf 72' lang='lat' dir='ltr'>l</span> 
     </span>
    </p>
   </div>
   <div class='ocr_carea' id='block_1_6' title="bbox 257 1634 1305 2433">
    <p class='ocr_par' dir='ltr' id='par_1_6' title="bbox 257 1634 1305 2433">
     <span class='ocr_line' id='line_1_10' title="bbox 260 1634 1303 1805; baseline -0.001 -89"><span class='ocrx_word' id='word_1_59' title='bbox 260 1644 484 1805; x_wconf 78' lang='lat' dir='ltr'>canones</span> <span class='ocrx_word' id='word_1_60' title='bbox 502 1646 597 1716; x_wconf 82' lang='lat' dir='ltr'>enirn</span> <span class='ocrx_word' id='word_1_61' title='bbox 615 1639 687 1716; x_wconf 90' lang='lat' dir='ltr'>hoc</span> <span class='ocrx_word' id='word_1_62' title='bbox 701 1638 995 1736; x_wconf 83' lang='lat' dir='ltr'>impedimentum</span> <span class='ocrx_word' id='word_1_63' title='bbox 1022 1640 1105 1716; x_wconf 87' lang='lat' dir='ltr'>oriri</span> <span class='ocrx_word' id='word_1_64' title='bbox 1125 1634 1303 1716; x_wconf 86' lang='lat' dir='ltr'>declarant</span> 
     </span>
     <span class='ocr_line' id='line_1_11' title="bbox 320 1738 1305 1838; baseline -0.005 -22"><span class='ocrx_word' id='word_1_65' title='bbox 320 1761 322 1764; x_wconf 72' lang='grc'>’</span> <span class='ocrx_word' id='word_1_66' title='bbox 359 1763 406 1816; x_wconf 83' lang='lat' dir='ltr'>ex</span> <span class='ocrx_word' id='word_1_67' title='bbox 428 1740 625 1822; x_wconf 84' lang='lat' dir='ltr'>adulterio,</span> <span class='ocrx_word' id='word_1_68' title='bbox 648 1741 748 1838; x_wconf 91' lang='lat' dir='ltr'>quod</span> <span class='ocrx_word' id='word_1_69' title='bbox 772 1764 854 1817; x_wconf 91' lang='lat' dir='ltr'>cum</span> <span class='ocrx_word' id='word_1_70' title='bbox 879 1739 950 1815; x_wconf 89' lang='lat' dir='ltr'>fide</span> <span class='ocrx_word' id='word_1_71' title='bbox 976 1742 1078 1833; x_wconf 77' lang='lat' dir='ltr'>data,</span> <span class='ocrx_word' id='word_1_72' title='bbox 1102 1753 1163 1816; x_wconf 89' lang='lat' dir='ltr'>aut</span> <span class='ocrx_word' id='word_1_73' title='bbox 1183 1738 1305 1814; x_wconf 87' lang='lat' dir='ltr'>mutri-</span> 
     </span>
     <span class='ocr_line' id='line_1_12' title="bbox 258 1835 1302 1938; baseline -0.001 -23"><span class='ocrx_word' id='word_1_74' title='bbox 258 1846 388 1915; x_wconf 88' lang='lat' dir='ltr'>monio</span> <span class='ocrx_word' id='word_1_75' title='bbox 407 1840 451 1912; x_wconf 85' lang='lat' dir='ltr'>de</span> <span class='ocrx_word' id='word_1_76' title='bbox 471 1835 563 1914; x_wconf 75' lang='lat' dir='ltr'>latio</span> <span class='ocrx_word' id='word_1_77' title='bbox 577 1842 763 1916; x_wconf 71' lang='lat' dir='ltr'>contrado</span> <span class='ocrx_word' id='word_1_78' title='bbox 780 1859 894 1917; x_wconf 84' lang='lat' dir='ltr'>uxore</span> <span class='ocrx_word' id='word_1_79' title='bbox 919 1838 1121 1938; x_wconf 82' lang='lat' dir='ltr'>superstite,</span> <span class='ocrx_word' id='word_1_80' title='bbox 1140 1852 1202 1915; x_wconf 89' lang='lat' dir='ltr'>aut</span> <span class='ocrx_word' id='word_1_81' title='bbox 1216 1856 1302 1914; x_wconf 79' lang='lat' dir='ltr'>cuna</span> 
     </span>
     <span class='ocr_line' id='line_1_13' title="bbox 259 1936 1302 2036; baseline 0.001 -22"><span class='ocrx_word' id='word_1_82' title='bbox 259 1940 523 2014; x_wconf 76' lang='lat' dir='ltr'>machinatione</span> <span class='ocrx_word' id='word_1_83' title='bbox 550 1942 585 2014; x_wconf 92' lang='lat' dir='ltr'>in</span> <span class='ocrx_word' id='word_1_84' title='bbox 608 1943 682 2034; x_wconf 87' lang='lat' dir='ltr'>ejus</span> <span class='ocrx_word' id='word_1_85' title='bbox 709 1956 863 2016; x_wconf 86' lang='lat' dir='ltr'>mortem</span> <span class='ocrx_word' id='word_1_86' title='bbox 895 1939 1130 2036; x_wconf 77' lang='lat' dir='ltr'>conjuntlum</span> <span class='ocrx_word' id='word_1_87' title='bbox 1157 1936 1230 2030; x_wconf 84' lang='lat' dir='ltr'>ut;</span> <span class='ocrx_word' id='word_1_88' title='bbox 1263 1938 1302 2015; x_wconf 74' lang='lat' dir='ltr'>in</span> 
     </span>
     <span class='ocr_line' id='line_1_14' title="bbox 257 2032 1302 2133; baseline -0.002 -20"><span class='ocrx_word' id='word_1_89' title='bbox 257 2032 326 2113; x_wconf 87' lang='lat' dir='ltr'>hac</span> <span class='ocrx_word' id='word_1_90' title='bbox 351 2060 460 2133; x_wconf 90' lang='lat' dir='ltr'>porro</span> <span class='ocrx_word' id='word_1_91' title='bbox 481 2036 591 2133; x_wconf 86' lang='lat' dir='ltr'>specie</span> <span class='ocrx_word' id='word_1_92' title='bbox 608 2063 683 2115; x_wconf 92' lang='lat' dir='ltr'>non</span> <span class='ocrx_word' id='word_1_93' title='bbox 703 2040 751 2115; x_wconf 86' lang='lat' dir='ltr'>est</span> <span class='ocrx_word' id='word_1_94' title='bbox 773 2061 897 2116; x_wconf 86' lang='lat' dir='ltr'>verum</span> <span class='ocrx_word' id='word_1_95' title='bbox 912 2038 1132 2116; x_wconf 81' lang='lat' dir='ltr'>adulterium.</span> <span class='ocrx_word' id='word_1_96' title='bbox 1165 2034 1219 2113; x_wconf 84' lang='lat' dir='ltr'>ud</span> <span class='ocrx_word' id='word_1_97' title='bbox 1241 2059 1302 2112; x_wconf 83' lang='lat' dir='ltr'>ve-</span> 
     </span>
     <span class='ocr_line' id='line_1_15' title="bbox 259 2138 1302 2236; baseline -0.001 -23"><span class='ocrx_word' id='word_1_98' title='bbox 259 2157 341 2214; x_wconf 90' lang='lat' dir='ltr'>rum</span> <span class='ocrx_word' id='word_1_99' title='bbox 367 2142 461 2214; x_wconf 88' lang='lat' dir='ltr'>enim</span> <span class='ocrx_word' id='word_1_100' title='bbox 495 2138 731 2223; x_wconf 77' lang='lat' dir='ltr'>adulterium,</span> <span class='ocrx_word' id='word_1_101' title='bbox 765 2144 984 2228; x_wconf 84' lang='lat' dir='ltr'>requiritur,</span> <span class='ocrx_word' id='word_1_102' title='bbox 1019 2139 1120 2236; x_wconf 87' lang='lat' dir='ltr'>quod</span> <span class='ocrx_word' id='word_1_103' title='bbox 1144 2140 1302 2232; x_wconf 86' lang='lat' dir='ltr'>primum</span> 
     </span>
     <span class='ocr_line' id='line_1_16' title="bbox 259 2232 1304 2334; baseline -0.004 -21"><span class='ocrx_word' id='word_1_104' title='bbox 259 2240 527 2315; x_wconf 83' lang='lat' dir='ltr'>matrimonium</span> <span class='ocrx_word' id='word_1_105' title='bbox 557 2237 597 2314; x_wconf 86' lang='lat' dir='ltr'>sit</span> <span class='ocrx_word' id='word_1_106' title='bbox 621 2239 844 2334; x_wconf 85' lang='lat' dir='ltr'>legitimum3</span> <span class='ocrx_word' id='word_1_107' title='bbox 868 2255 901 2311; x_wconf 82' lang='lat'>2.</span> <span class='ocrx_word' id='word_1_108' title='bbox 932 2255 972 2315; x_wconf 92' lang='lat' dir='ltr'>ut</span> <span class='ocrx_word' id='word_1_109' title='bbox 994 2239 1154 2321; x_wconf 87' lang='lat' dir='ltr'>adulter,</span> <span class='ocrx_word' id='word_1_110' title='bbox 1180 2234 1218 2311; x_wconf 79' lang='lat' dir='ltr'>dc</span> <span class='ocrx_word' id='word_1_111' title='bbox 1240 2232 1304 2309; x_wconf 82' lang='lat' dir='ltr'>ad·</span> 
     </span>
     <span class='ocr_line' id='line_1_17' title="bbox 257 2333 1305 2433; baseline -0.005 -19"><span class='ocrx_word' id='word_1_112' title='bbox 257 2339 368 2414; x_wconf 86' lang='lat' dir='ltr'>ultera</span> <span class='ocrx_word' id='word_1_113' title='bbox 392 2340 557 2413; x_wconf 83' lang='lat' dir='ltr'>noverint</span> <span class='ocrx_word' id='word_1_114' title='bbox 579 2337 796 2433; x_wconf 84' lang='lat' dir='ltr'>superstitem</span> <span class='ocrx_word' id='word_1_115' title='bbox 810 2337 877 2414; x_wconf 81' lang='lat' dir='ltr'>elle</span> <span class='ocrx_word' id='word_1_116' title='bbox 897 2340 1115 2433; x_wconf 80' lang='lat' dir='ltr'>conjugam3</span> <span class='ocrx_word' id='word_1_117' title='bbox 1136 2357 1176 2425; x_wconf 83' lang='lat'>3.·</span> <span class='ocrx_word' id='word_1_118' title='bbox 1197 2349 1237 2413; x_wconf 94' lang='lat' dir='ltr'>ut</span> <span class='ocrx_word' id='word_1_119' title='bbox 1253 2333 1305 2409; x_wconf 83' lang='lat' dir='ltr'>se-</span> 
     </span>
    </p>
   </div>
   <div class='ocr_carea' id='block_1_7' title="bbox 259 2438 1397 2526">
    <p class='ocr_par' dir='ltr' id='par_1_7' title="bbox 259 2438 1397 2526">
     <span class='ocr_line' id='line_1_18' title="bbox 259 2438 1397 2526; baseline -0.001 -14"><span class='ocrx_word' id='word_1_120' title='bbox 259 2456 341 2512; x_wconf 84' lang='lat' dir='ltr'>men</span> <span class='ocrx_word' id='word_1_121' title='bbox 371 2440 461 2512; x_wconf 88' lang='lat' dir='ltr'>intra</span> <span class='ocrx_word' id='word_1_122' title='bbox 491 2461 548 2512; x_wconf 84' lang='lat' dir='ltr'>vas</span> <span class='ocrx_word' id='word_1_123' title='bbox 580 2439 736 2516; x_wconf 84' lang='lat' dir='ltr'>naturale</span> <span class='ocrx_word' id='word_1_124' title='bbox 761 2438 956 2526; x_wconf 79' lang='lat' dir='ltr'>fundatur,</span> <span class='ocrx_word' id='word_1_125' title='bbox 978 2439 1075 2516; x_wconf 81' lang='lat' dir='ltr'>aliter</span> <span class='ocrx_word' id='word_1_126' title='bbox 1102 2439 1199 2515; x_wconf 83' lang='lat' dir='ltr'>enim</span> <span class='ocrx_word' id='word_1_127' title='bbox 1226 2455 1305 2512; x_wconf 84' lang='lat' dir='ltr'>nou</span> <span class='ocrx_word' id='word_1_128' title='bbox 1395 2496 1397 2501; x_wconf 91' lang='lat'><em>.</em></span> 
     </span>
    </p>
   </div>
   <div class='ocr_carea' id='block_1_8' title="bbox 256 2533 563 2614">
    <p class='ocr_par' dir='ltr' id='par_1_8' title="bbox 256 2533 563 2614">
     <span class='ocr_line' id='line_1_19' title="bbox 256 2533 563 2614; baseline -0.01 -3"><span class='ocrx_word' id='word_1_129' title='bbox 256 2533 351 2614; x_wconf 83' lang='lat' dir='ltr'>fiunt</span> <span class='ocrx_word' id='word_1_130' title='bbox 372 2561 444 2614; x_wconf 91' lang='lat' dir='ltr'>uua</span> <span class='ocrx_word' id='word_1_131' title='bbox 468 2560 563 2614; x_wconf 79' lang='lat' dir='ltr'>caro.</span> 
     </span>
    </p>
   </div>
   <div class='ocr_carea' id='block_1_9' title="bbox 530 2678 1031 2777">
    <p class='ocr_par' dir='ltr' id='par_1_9' title="bbox 530 2678 1031 2777">
     <span class='ocr_line' id='line_1_20' title="bbox 530 2678 1031 2777; baseline 0.002 -6"><span class='ocrx_word' id='word_1_132' title='bbox 530 2678 1031 2777; x_wconf 77' lang='lat' dir='ltr'>Rucutn&#39;xii.</span> 
     </span>
    </p>
   </div>
   <div class='ocr_carea' id='block_1_10' title="bbox 259 2845 1305 3051">
    <p class='ocr_par' dir='ltr' id='par_1_10' title="bbox 259 2845 1305 3051">
     <span class='ocr_line' id='line_1_21' title="bbox 259 2845 1305 2945; baseline -0.001 -15"><span class='ocrx_word' id='word_1_133' title='bbox 259 2851 386 2930; x_wconf 84' lang='lat' dir='ltr'>Solum</span> <span class='ocrx_word' id='word_1_134' title='bbox 409 2848 620 2930; x_wconf 82' lang='lat' dir='ltr'>adulterium</span> <span class='ocrx_word' id='word_1_135' title='bbox 650 2873 725 2927; x_wconf 91' lang='lat' dir='ltr'>non</span> <span class='ocrx_word' id='word_1_136' title='bbox 749 2847 797 2929; x_wconf 88' lang='lat' dir='ltr'>est</span> <span class='ocrx_word' id='word_1_137' title='bbox 823 2854 1117 2945; x_wconf 77' lang='lat' dir='ltr'>impedimentum</span> <span class='ocrx_word' id='word_1_138' title='bbox 1137 2845 1305 2929; x_wconf 72' lang='lat' dir='ltr'>dirimens</span> 
     </span>
     <span class='ocr_line' id='line_1_22' title="bbox 287 2952 1274 3051; baseline -0.003 -22"><span class='ocrx_word' id='word_1_139' title='bbox 287 2958 555 3034; x_wconf 86' lang='lat' dir='ltr'>matrimonium</span> <span class='ocrx_word' id='word_1_140' title='bbox 569 2952 656 3049; x_wconf 84' lang='lat' dir='ltr'>‘post</span> <span class='ocrx_word' id='word_1_141' title='bbox 677 2963 832 3028; x_wconf 87' lang='lat' dir='ltr'>m&#39;ortem</span> <span class='ocrx_word' id='word_1_142' title='bbox 853 2957 1020 3051; x_wconf 83' lang='lat' dir='ltr'>conjugis</span> <span class='ocrx_word' id='word_1_143' title='bbox 1042 2953 1274 3033; x_wconf 69' lang='lat' dir='ltr'>contraitum.</span> 
     </span>
    </p>
   </div>
   <div class='ocr_carea' id='block_1_11' title="bbox 337 3107 1307 3207">
    <p class='ocr_par' dir='ltr' id='par_1_11' title="bbox 337 3107 1307 3207">
     <span class='ocr_line' id='line_1_23' title="bbox 337 3107 1307 3207; baseline 0.002 -23"><span class='ocrx_word' id='word_1_144' title='bbox 337 3114 424 3186; x_wconf 86' lang='lat' dir='ltr'>rima</span> <span class='ocrx_word' id='word_1_145' title='bbox 448 3110 591 3207; x_wconf 83' lang='lat' dir='ltr'>quidem</span> <span class='ocrx_word' id='word_1_146' title='bbox 621 3107 738 3185; x_wconf 85' lang='lat' dir='ltr'>lronte</span> <span class='ocrx_word' id='word_1_147' title='bbox 758 3113 975 3187; x_wconf 89' lang='lat' dir='ltr'>contrarium</span> <span class='ocrx_word' id='word_1_148' title='bbox 999 3114 1146 3187; x_wconf 87' lang='lat' dir='ltr'>lnnuere</span> <span class='ocrx_word' id='word_1_149' title='bbox 1168 3107 1307 3186; x_wconf 83' lang='lat' dir='ltr'>videtur</span> 
     </span>
    </p>
   </div>
   <div class='ocr_carea' id='block_1_12' title="bbox 349 3209 1427 3307">
    <p class='ocr_par' dir='ltr' id='par_1_12' title="bbox 349 3209 1427 3307">
     <span class='ocr_line' id='line_1_24' title="bbox 349 3209 1427 3307; baseline -0.009 -21"><span class='ocrx_word' id='word_1_150' title='bbox 349 3211 476 3286; x_wconf 82' lang='lat' dir='ltr'>Canon</span> <span class='ocrx_word' id='word_1_151' title='bbox 503 3212 626 3280; x_wconf 80' lang='lat' dir='ltr'>Nullus</span> <span class='ocrx_word' id='word_1_152' title='bbox 655 3210 715 3284; x_wconf 86' lang='lat' dir='ltr'>sub</span> <span class='ocrx_word' id='word_1_153' title='bbox 742 3215 861 3279; x_wconf 80' lang='lat' dir='ltr'>Leonis</span> <span class='ocrx_word' id='word_1_154' title='bbox 890 3209 990 3307; x_wconf 81' lang='lat' dir='ltr'>Papae</span> <span class='ocrx_word' id='word_1_155' title='bbox 1018 3210 1308 3302; x_wconf 75' lang='lat' dir='ltr'>nomineuulga·</span> <span class='ocrx_word' id='word_1_156' title='bbox 1426 3218 1427 3221; x_wconf 76' lang='grc'>’</span> 
     </span>
    </p>
   </div>
   <div class='ocr_carea' id='block_1_13' title="bbox 259 3310 1309 4094">
    <p class='ocr_par' dir='ltr' id='par_1_13' title="bbox 259 3310 1309 4094">
     <span class='ocr_line' id='line_1_25' title="bbox 260 3310 1307 3409; baseline -0.011 -24"><span class='ocrx_word' id='word_1_157' title='bbox 260 3325 317 3385; x_wconf 89' lang='lat' dir='ltr'>tus</span> <span class='ocrx_word' id='word_1_158' title='bbox 346 3310 443 3385; x_wconf 82' lang='lat' dir='ltr'>caula</span> <span class='ocrx_word' id='word_1_159' title='bbox 457 3330 515 3398; x_wconf 83' lang='lat'>31.</span> <span class='ocrx_word' id='word_1_160' title='bbox 536 3334 595 3406; x_wconf 90' lang='lat' dir='ltr'>qu.</span> <span class='ocrx_word' id='word_1_161' title='bbox 614 3328 647 3386; x_wconf 86' lang='lat'>1.</span> <span class='ocrx_word' id='word_1_162' title='bbox 674 3312 799 3379; x_wconf 81' lang='lat' dir='ltr'>Nullus</span> <span class='ocrx_word' id='word_1_163' title='bbox 821 3314 987 3409; x_wconf 76' lang='lat' dir='ltr'>(inquit)</span> <span class='ocrx_word' id='word_1_164' title='bbox 1015 3318 1110 3379; x_wconf 79' lang='lat' dir='ltr'>durat</span> <span class='ocrx_word' id='word_1_165' title='bbox 1130 3313 1164 3379; x_wconf 87' lang='lat' dir='ltr'>in</span> <span class='ocrx_word' id='word_1_166' title='bbox 1186 3313 1307 3377; x_wconf 78' lang='lat' dir='ltr'>marri.</span> 
     </span>
     <span class='ocr_line' id='line_1_26' title="bbox 259 3400 1306 3503; baseline -0.005 -25"><span class='ocrx_word' id='word_1_167' title='bbox 259 3433 420 3494; x_wconf 82' lang='lat' dir='ltr'>monium,</span> <span class='ocrx_word' id='word_1_168' title='bbox 441 3434 536 3503; x_wconf 68' lang='lat' dir='ltr'>qaum</span> <span class='ocrx_word' id='word_1_169' title='bbox 555 3415 650 3500; x_wconf 81' lang='lat' dir='ltr'>prius</span> <span class='ocrx_word' id='word_1_170' title='bbox 667 3411 779 3496; x_wconf 82' lang='lat' dir='ltr'>polluit</span> <span class='ocrx_word' id='word_1_171' title='bbox 799 3421 972 3494; x_wconf 79' lang='lat' dir='ltr'>adulterio,</span> <span class='ocrx_word' id='word_1_172' title='bbox 1002 3408 1045 3486; x_wconf 86' lang='lat' dir='ltr'>Et</span> <span class='ocrx_word' id='word_1_173' title='bbox 1065 3407 1192 3489; x_wconf 82' lang='lat' dir='ltr'>Canon</span> <span class='ocrx_word' id='word_1_174' title='bbox 1221 3400 1306 3479; x_wconf 75' lang='lat' dir='ltr'>Illu&#39;d</span> 
     </span>
     <span class='ocr_line' id='line_1_27' title="bbox 259 3509 1304 3603; baseline 0 -28"><span class='ocrx_word' id='word_1_175' title='bbox 259 3533 360 3596; x_wconf 81' lang='lat' dir='ltr'>otro,</span> <span class='ocrx_word' id='word_1_176' title='bbox 386 3511 544 3586; x_wconf 74' lang='lat' dir='ltr'>ibidem,</span> <span class='ocrx_word' id='word_1_177' title='bbox 566 3509 733 3586; x_wconf 80' lang='lat' dir='ltr'>Concilio</span> <span class='ocrx_word' id='word_1_178' title='bbox 763 3513 857 3603; x_wconf 79' lang='lat' dir='ltr'>Apud</span> <span class='ocrx_word' id='word_1_179' title='bbox 886 3510 1047 3603; x_wconf 70' lang='lat' dir='ltr'>Altlruum</span> <span class='ocrx_word' id='word_1_180' title='bbox 1074 3511 1134 3585; x_wconf 85' lang='lat' dir='ltr'>sub</span> <span class='ocrx_word' id='word_1_181' title='bbox 1156 3510 1304 3579; x_wconf 82' lang='lat' dir='ltr'>Conrado</span> 
     </span>
     <span class='ocr_line' id='line_1_28' title="bbox 259 3604 1305 3704; baseline 0.001 -21"><span class='ocrx_word' id='word_1_182' title='bbox 259 3606 361 3702; x_wconf 69' lang='lat' dir='ltr'>Rege</span> <span class='ocrx_word' id='word_1_183' title='bbox 390 3613 566 3684; x_wconf 81' lang='lat' dir='ltr'>tributus:</span> <span class='ocrx_word' id='word_1_184' title='bbox 596 3668 617 3699; x_wconf 79' lang='lat'>‚,</span> <span class='ocrx_word' id='word_1_185' title='bbox 639 3667 660 3700; x_wconf 88' lang='lat'>,‚</span> <span class='ocrx_word' id='word_1_186' title='bbox 691 3610 780 3685; x_wconf 91' lang='lat' dir='ltr'>lllud</span> <span class='ocrx_word' id='word_1_187' title='bbox 810 3634 895 3686; x_wconf 83' lang='lat' dir='ltr'>vero</span> <span class='ocrx_word' id='word_1_188' title='bbox 921 3613 941 3703; x_wconf 85' lang='lat'><strong><em>(</em></strong></span> <span class='ocrx_word' id='word_1_189' title='bbox 956 3604 1092 3704; x_wconf 78' lang='lat' dir='ltr'>inquit)</span> <span class='ocrx_word' id='word_1_190' title='bbox 1118 3608 1305 3685; x_wconf 88' lang='lat' dir='ltr'>cummuni</span> 
     </span>
     <span class='ocr_line' id='line_1_29' title="bbox 259 3709 1306 3791; baseline 0 -5"><span class='ocrx_word' id='word_1_191' title='bbox 259 3709 421 3786; x_wconf 77' lang='lat' dir='ltr'>Decreto</span> <span class='ocrx_word' id='word_1_192' title='bbox 441 3710 633 3785; x_wconf 82' lang='lat' dir='ltr'>secundum</span> <span class='ocrx_word' id='word_1_193' title='bbox 655 3709 845 3786; x_wconf 86' lang='lat' dir='ltr'>Canonum</span> <span class='ocrx_word' id='word_1_194' title='bbox 868 3713 1020 3787; x_wconf 85' lang='lat' dir='ltr'>inllituto</span> <span class='ocrx_word' id='word_1_195' title='bbox 1041 3709 1247 3791; x_wconf 80' lang='lat' dir='ltr'>delinimus,</span> <span class='ocrx_word' id='word_1_196' title='bbox 1266 3711 1306 3786; x_wconf 71' lang='lat' dir='ltr'>dc</span> 
     </span>
     <span class='ocr_line' id='line_1_30' title="bbox 261 3810 1307 3906; baseline -0.002 -23"><span class='ocrx_word' id='word_1_197' title='bbox 261 3811 553 3906; x_wconf 71' lang='lat' dir='ltr'>praejudicamus,</span> <span class='ocrx_word' id='word_1_198' title='bbox 574 3810 596 3883; x_wconf 87' lang='lat' dir='ltr'>si</span> <span class='ocrx_word' id='word_1_199' title='bbox 620 3815 697 3904; x_wconf 89' lang='lat' dir='ltr'>quis</span> <span class='ocrx_word' id='word_1_200' title='bbox 721 3834 802 3885; x_wconf 91' lang='lat' dir='ltr'>cum</span> <span class='ocrx_word' id='word_1_201' title='bbox 826 3835 939 3887; x_wconf 84' lang='lat' dir='ltr'>uxore</span> <span class='ocrx_word' id='word_1_202' title='bbox 960 3814 1097 3886; x_wconf 78' lang='lat' dir='ltr'>alterius</span> <span class='ocrx_word' id='word_1_203' title='bbox 1117 3835 1161 3883; x_wconf 91' lang='lat' dir='ltr'>eo</span> <span class='ocrx_word' id='word_1_204' title='bbox 1186 3814 1307 3883; x_wconf 86' lang='lat' dir='ltr'>viven-</span> 
     </span>
     <span class='ocr_line' id='line_1_31' title="bbox 262 3909 1309 4008; baseline 0 -25"><span class='ocrx_word' id='word_1_205' title='bbox 262 3926 298 3984; x_wconf 88' lang='lat' dir='ltr'>te</span> <span class='ocrx_word' id='word_1_206' title='bbox 325 3912 516 3984; x_wconf 81' lang='lat' dir='ltr'>tornicatus</span> <span class='ocrx_word' id='word_1_207' title='bbox 541 3911 669 3995; x_wconf 86' lang='lat' dir='ltr'>fuerit,</span> <span class='ocrx_word' id='word_1_208' title='bbox 697 3913 872 3986; x_wconf 80' lang='lat' dir='ltr'>moriente</span> <span class='ocrx_word' id='word_1_209' title='bbox 898 3909 1228 4008; x_wconf 63' lang='lat' dir='ltr'>marit021&#39;yirodali</span> <span class='ocrx_word' id='word_1_210' title='bbox 1252 3911 1309 4001; x_wconf 74' lang='lat' dir='ltr'>iu·</span> 
     </span>
     <span class='ocr_line' id='line_1_32' title="bbox 261 4009 1309 4094; baseline 0.001 -13"><span class='ocrx_word' id='word_1_211' title='bbox 261 4011 358 4084; x_wconf 91' lang='lat' dir='ltr'>dicio</span> <span class='ocrx_word' id='word_1_212' title='bbox 375 4009 488 4085; x_wconf 85' lang='lat' dir='ltr'>aditus</span> <span class='ocrx_word' id='word_1_213' title='bbox 511 4013 541 4083; x_wconf 90' lang='lat' dir='ltr'>ei</span> <span class='ocrx_word' id='word_1_214' title='bbox 562 4011 742 4085; x_wconf 78' lang='lat' dir='ltr'>claudatur</span> <span class='ocrx_word' id='word_1_215' title='bbox 764 4010 923 4094; x_wconf 70' lang='lat' dir='ltr'>illicitus,</span> <span class='ocrx_word' id='word_1_216' title='bbox 942 4033 986 4085; x_wconf 88' lang='lat' dir='ltr'>ne</span> <span class='ocrx_word' id='word_1_217' title='bbox 1005 4011 1147 4085; x_wconf 85' lang='lat' dir='ltr'>ulterius</span> <span class='ocrx_word' id='word_1_218' title='bbox 1167 4013 1196 4082; x_wconf 82' lang='lat' dir='ltr'>ei</span> <span class='ocrx_word' id='word_1_219' title='bbox 1219 4031 1309 4083; x_wconf 78' lang='lat' dir='ltr'>con·</span> 
     </span>
    </p>
   </div>
   <div class='ocr_carea' id='block_1_14' title="bbox 263 4108 1428 4205">
    <p class='ocr_par' dir='ltr' id='par_1_14' title="bbox 263 4108 1428 4205">
     <span class='ocr_line' id='line_1_33' title="bbox 263 4108 1428 4205; baseline 0.006 -24"><span class='ocrx_word' id='word_1_220' title='bbox 263 4109 432 4200; x_wconf 68' lang='lat' dir='ltr'>jungatur</span> <span class='ocrx_word' id='word_1_221' title='bbox 451 4113 706 4184; x_wconf 86' lang='lat' dir='ltr'>matrimonio,</span> <span class='ocrx_word' id='word_1_222' title='bbox 728 4133 835 4200; x_wconf 80' lang='lat' dir='ltr'>otram</span> <span class='ocrx_word' id='word_1_223' title='bbox 858 4112 951 4205; x_wconf 81' lang='lat' dir='ltr'>priua</span> <span class='ocrx_word' id='word_1_224' title='bbox 974 4109 1101 4204; x_wconf 89' lang='lat' dir='ltr'>polluit</span> <span class='ocrx_word' id='word_1_225' title='bbox 1121 4108 1308 4188; x_wconf 78' lang='lat' dir='ltr'>adulterim</span> <span class='ocrx_word' id='word_1_226' title='bbox 1426 4138 1428 4142; x_wconf 76' lang='grc'>’</span> 
     </span>
    </p>
   </div>
   <div class='ocr_carea' id='block_1_15' title="bbox 262 4205 1312 4407">
    <p class='ocr_par' dir='ltr' id='par_1_15' title="bbox 262 4205 1312 4407">
     <span class='ocr_line' id='line_1_34' title="bbox 262 4205 1310 4306; baseline 0.003 -24"><span class='ocrx_word' id='word_1_227' title='bbox 262 4205 444 4285; x_wconf 88' lang='lat' dir='ltr'>Nolumus</span> <span class='ocrx_word' id='word_1_228' title='bbox 475 4214 593 4284; x_wconf 80' lang='lat' dir='ltr'>enim,</span> <span class='ocrx_word' id='word_1_229' title='bbox 620 4233 686 4284; x_wconf 88' lang='lat' dir='ltr'>nec</span> <span class='ocrx_word' id='word_1_230' title='bbox 708 4208 900 4284; x_wconf 79' lang='lat' dir='ltr'>christianae</span> <span class='ocrx_word' id='word_1_231' title='bbox 927 4211 1088 4306; x_wconf 79' lang='lat' dir='ltr'>religioni</span> <span class='ocrx_word' id='word_1_232' title='bbox 1115 4211 1310 4285; x_wconf 71' lang='lat' dir='ltr'>convenit,</span> 
     </span>
     <span class='ocr_line' id='line_1_35' title="bbox 263 4306 1312 4407; baseline -0.005 -24"><span class='ocrx_word' id='word_1_233' title='bbox 263 4306 407 4383; x_wconf 85' lang='lat' dir='ltr'>utullus</span> <span class='ocrx_word' id='word_1_234' title='bbox 425 4309 531 4385; x_wconf 81' lang='lat' dir='ltr'>ducat</span> <span class='ocrx_word' id='word_1_235' title='bbox 554 4315 589 4383; x_wconf 94' lang='lat' dir='ltr'>in</span> <span class='ocrx_word' id='word_1_236' title='bbox 613 4311 845 4401; x_wconf 75' lang='lat' dir='ltr'>coniugium,</span> <span class='ocrx_word' id='word_1_237' title='bbox 865 4333 971 4407; x_wconf 85' lang='lat' dir='ltr'>quam</span> <span class='ocrx_word' id='word_1_238' title='bbox 992 4312 1086 4400; x_wconf 83' lang='lat' dir='ltr'>prius</span> <span class='ocrx_word' id='word_1_239' title='bbox 1105 4309 1232 4403; x_wconf 88' lang='lat' dir='ltr'>polluit</span> <span class='ocrx_word' id='word_1_240' title='bbox 1250 4321 1312 4401; x_wconf 82' lang='lat' dir='ltr'>per</span> 
     </span>
    </p>
   </div>
   <div class='ocr_carea' id='block_1_16' title="bbox 263 4407 1418 4502">
    <p class='ocr_par' dir='ltr' id='par_1_16' title="bbox 263 4407 1418 4502">
     <span class='ocr_line' id='line_1_36' title="bbox 263 4407 1418 4502; baseline -0.009 -19"><span class='ocrx_word' id='word_1_241' title='bbox 263 4407 474 4483; x_wconf 88' lang='lat' dir='ltr'>adulterium</span> <span class='ocrx_word' id='word_1_242' title='bbox 498 4458 564 4498; x_wconf 84' lang='lat'>„„·</span> <span class='ocrx_word' id='word_1_243' title='bbox 591 4409 660 4483; x_wconf 83' lang='lat' dir='ltr'>Sed</span> <span class='ocrx_word' id='word_1_244' title='bbox 684 4410 773 4482; x_wconf 82' lang='lat' dir='ltr'>hunc</span> <span class='ocrx_word' id='word_1_245' title='bbox 798 4409 1078 4502; x_wconf 81' lang='lat' dir='ltr'>prohibitionem</span> <span class='ocrx_word' id='word_1_246' title='bbox 1104 4408 1146 4483; x_wconf 88' lang='lat' dir='ltr'>ad</span> <span class='ocrx_word' id='word_1_247' title='bbox 1164 4426 1232 4482; x_wconf 86' lang='lat' dir='ltr'>tres</span> <span class='ocrx_word' id='word_1_248' title='bbox 1255 4426 1314 4476; x_wconf 83' lang='lat' dir='ltr'>ca·</span> <span class='ocrx_word' id='word_1_249' title='bbox 1414 4455 1418 4462; x_wconf 80' lang='lat'>.</span> 
     </span>
    </p>
   </div>
   <div class='ocr_carea' id='block_1_17' title="bbox 263 4505 1313 4603">
    <p class='ocr_par' dir='ltr' id='par_1_17' title="bbox 263 4505 1313 4603">
     <span class='ocr_line' id='line_1_37' title="bbox 263 4505 1313 4603; baseline -0.002 -21"><span class='ocrx_word' id='word_1_250' title='bbox 263 4505 319 4585; x_wconf 88' lang='lat' dir='ltr'>sus</span> <span class='ocrx_word' id='word_1_251' title='bbox 343 4505 408 4581; x_wconf 86' lang='lat' dir='ltr'>elle</span> <span class='ocrx_word' id='word_1_252' title='bbox 433 4509 709 4603; x_wconf 80' lang='lat' dir='ltr'>restringendam</span> <span class='ocrx_word' id='word_1_253' title='bbox 728 4508 821 4584; x_wconf 73' lang='lat' dir='ltr'>reue</span> <span class='ocrx_word' id='word_1_254' title='bbox 846 4525 972 4586; x_wconf 86' lang='lat' dir='ltr'>monet</span> <span class='ocrx_word' id='word_1_255' title='bbox 993 4505 1135 4603; x_wconf 80' lang='lat' dir='ltr'>Glolla3</span> <span class='ocrx_word' id='word_1_256' title='bbox 1158 4517 1313 4597; x_wconf 66' lang='lat' dir='ltr'>nempe}</span> 
     </span>
    </p>
   </div>
   <div class='ocr_carea' id='block_1_18' title="bbox 311 4601 1398 4697">
    <p class='ocr_par' dir='ltr' id='par_1_18' title="bbox 311 4601 1398 4697">
     <span class='ocr_line' id='line_1_38' title="bbox 311 4601 1398 4697; baseline -0.006 -14"><span class='ocrx_word' id='word_1_257' title='bbox 311 4607 406 4683; x_wconf 72' lang='lat' dir='ltr'>rom.</span> <span class='ocrx_word' id='word_1_258' title='bbox 436 4602 472 4684; x_wconf 89' lang='lat' dir='ltr'><em>V</em></span> <span class='ocrx_word' id='word_1_259' title='bbox 480 4608 510 4674; x_wconf 81' lang='lat'>1.</span> <span class='ocrx_word' id='word_1_260' title='bbox 802 4605 826 4681; x_wconf 90' lang='lat' dir='ltr'>S</span> <span class='ocrx_word' id='word_1_261' title='bbox 1146 4657 1201 4697; x_wconf 80' lang='lat'>,‚„</span> <span class='ocrx_word' id='word_1_262' title='bbox 1232 4601 1269 4678; x_wconf 84' lang='lat' dir='ltr'>Si</span> <span class='ocrx_word' id='word_1_263' title='bbox 1395 4649 1398 4654; x_wconf 90' lang='lat'>-</span> 
     </span>
    </p>
   </div>
   <div class='ocr_carea' id='block_1_19' title="bbox 1481 1386 1492 1426">
    <p class='ocr_par' dir='ltr' id='par_1_19' title="bbox 1481 1386 1492 1426">
     <span class='ocr_line' id='line_1_39' title="bbox 1481 1386 1492 1426; baseline 0 0"><span class='ocrx_word' id='word_1_264' title='bbox 1481 1386 1492 1426; x_wconf 81' lang='lat' dir='ltr'>l</span> 
     </span>
    </p>
   </div>
   <div class='ocr_carea' id='block_1_20' title="bbox 0 0 1855 5425">
    <p class='ocr_par' dir='ltr' id='par_1_20' title="bbox 0 0 1855 5425">
     <span class='ocr_line' id='line_1_40' title="bbox 0 0 1855 5425; baseline 0 0"><span class='ocrx_word' id='word_1_265' title='bbox 0 0 1855 5425; x_wconf 95' lang='lat' dir='ltr'> </span> 
     </span>
    </p>
   </div>
  </div>
 </body>
</html>
