3700 5425
564 520 650 631 '192
754 516 908 619 Theoi.
942 518 1055 635 Dog.
1077 516 1283 626 &Maras
1302 521 1390 615 Lib.
1415 520 1473 619 Π.

617 748 672 786 „‚,
698 691 999 774 Erchembaidum
1020 689 1269 769 Turonensem
1300 692 1617 797 archiepiscopum

568 793 645 872 talis
660 796 820 889 conjugii
842 792 1152 877 consecratorem,
1176 806 1258 869 cum
1278 799 1445 871 omnibus
1475 795 1618 890 aprico-

570 897 643 989 pis,
668 897 730 986 qui
765 892 1023 969 consentientes
1046 891 1292 968 intersueruutv
1313 893 1363 968 hia
1384 896 1518 971 incestis
1549 926 1618 976 nu,

568 995 650 1088 ptiis
664 990 789 1089 Regis,
802 993 838 1066 dc
851 989 1244 1086 ssertaeconsanguineae
1264 990 1383 1076 suae,a
1405 994 1614 1078 sanonum

568 1097 830 1167 communione
866 1091 1122 1186 suspendimus,
1145 1092 1261 1165 donec
1283 1091 1327 1167 ad
1350 1091 1440 1170 hauc
1463 1093 1612 1176 saussam

567 1190 697 1267 Sedem
716 1190 947 1284 apostolicam
975 1193 1116 1264 veniant
1137 1187 1335 1268 mistatturi
1363 1247 1384 1283 ,‚
1401 1242 1433 1282 ‚,.

617 1287 757 1386 Leges,
777 1313 928 1388 quatum
951 1293 1169 1381 mentionem
1195 1291 1277 1365 iacit
1306 1291 1503 1389 Synodus,
1534 1316 1612 1371 non

566 1386 641 1465 aliae
670 1389 778 1474 sunt,
811 1413 920 1487 quarn
962 1386 1205 1485 ecclesiasticae,
1256 1387 1387 1466 Porum
1424 1393 1517 1488 euim
1549 1394 1613 1468 de.

505 1516 508 1522 ·
566 1487 686 1565 litium
711 1489 761 1564 est
782 1540 793 1574 ,
818 1490 861 1563 ad
881 1494 1000 1584 magni
1026 1485 1193 1572 Theodosi
1228 1485 1344 1584 legem
1369 1493 1440 1565 hoc
1463 1494 1610 1570 verbum

565 1588 716 1674 referre,
740 1611 847 1685 quam
871 1588 945 1684 ejus
973 1581 1033 1662 filii
1054 1590 1246 1669 Honorius,
1269 1593 1305 1664 dt
1332 1588 1516 1659 Archadius
1538 1588 1610 1669 lna·

565 1702 745 1781 peratores
767 1692 1043 1785 abrogaverant,
1067 1687 1103 1762 da
1131 1710 1209 1785 quaa
1225 1685 1362 1786 Regem
1389 1677 1608 1768 Francorum

563 1786 672 1885 ligare
698 1811 773 1862 non
800 1802 955 1882 poterat,
1132 1850 1136 1857 .
1488 1850 1492 1856 .

616 1890 803 1957 Alexander
818 1889 868 1956 ΙΙ.
896 1883 1061 1962 Pontifex
1090 1887 1264 1962 maximus
1296 1884 1432 1964 causam
1464 1885 1608 1965 divortii

424 2017 427 2031 ·
560 1986 654 2061 inter
674 1981 851 2074 Radaifum
873 1983 1075 2067 Comitem,
1089 1986 1230 2081 ejusque
1249 2010 1425 2064 uxorem,
1447 1988 1606 2075 Gerontia

433 2125 435 2128 ·
560 2080 728 2161 Rerneuii
749 2135 760 2172 ,
785 2085 820 2161 dr
853 2083 1046 2160 Senonenfi
1073 2083 1378 2183 Archiepiscopis,
1403 2104 1605 2184 eorumque

559 2178 661 2260 suffra
690 2191 782 2260 aneis
792 2184 1023 2280 judicandum
1034 2182 1233 2270 commisit,
1251 2183 1312 2281 Ep.
1325 2203 1384 2281 24
1401 2183 1498 2285 Idem
1510 2185 1606 2263 Pon.

559 2283 648 2359 tifex
663 2209 730 2382 {p
750 2305 805 2362 27·
822 2280 930 2368 &28·
954 2285 1104 2359 modum
1120 2286 1353 2378 computandi
1372 2284 1500 2380 gradus
1515 2309 1603 2360 con·

558 2381 821 2479 sanguinitatis,
839 2384 1030 2459 secundum
1051 2381 1165 2459 sacros
1185 2387 1370 2468 Cannues,
1390 2386 1425 2463 dt
1444 2385 1604 2462 aceresia.

558 2485 684 2560 sticum
701 2506 837 2558 morem
858 2483 1065 2578 praescribit.
1086 2504 1124 2559 ut
1146 2487 1372 2559 matrimonia
1392 2480 1603 2579 consangui-

558 2606 712 2660 neorum
724 2583 765 2658 ad
782 2582 964 2679 septimam
989 2582 1097 2675 usque
1114 2584 1380 2678 generationem
1397 2583 1597 2676 prohibita,

484 2733 489 2739 -
558 2683 596 2759 dc
622 2687 714 2760 irrita
736 2672 803 2759 esse
825 2682 1024 2759 confirmet·
1060 2682 1157 2758 idem
1180 2682 1356 2750 Gaiieelma
1381 2688 1420 2751 de
1438 2681 1601 2759 Mandro,

554 2781 623 2869 lio,
641 2782 981 2868 seu=Monatsrriosa,
1006 2780 1194 2880 prohibet,
1221 2804 1265 2856 ne
1286 2804 1466 2860 uxorema
1491 2798 1600 2878 quani

421 2899 472 2980 Ἰ
554 2897 730 2984 praetextu
754 2881 1064 2978 consanguinitatis
1087 2881 1263 2956 dimittere
1288 2882 1452 2960 volebat,
1476 2884 1600 2958 assate*

414 2992 421 3004 “
553 3007 622 3059 nus
649 2984 825 3059 dimittere
851 2981 1060 3078 praesumat,
1084 2980 1139 3056 vel
1167 2982 1268 3056 asiam
1299 2982 1449 3057 ducere:
1484 2985 1598 3052 Donec

550 3081 780 3176 Episcoporum
794 3079 1014 3174 religiosorum
1033 3083 1212 3151 concitarem
1227 3084 1352 3170 causam
1366 3078 1456 3159 aliam
1472 3089 1599 3151 exemia

552 3187 700 3254 neverit.
725 3181 889 3269 Resertur
913 3206 990 3259 cau·
1016 3182 1222 3262 Multorum,
1243 3180 1412 3271 causa35.
1438 3206 1497 3280 qu.
1511 3179 1545 3251 6.

603 3280 768 3359 Ecclesiae
786 3281 996 3381 potestatem
1018 3284 1054 3358 in
1079 3272 1346 3358 christianorum
1373 3284 1597 3359 matrimonia

579 3386 681 3458 ariter
697 3387 849 3479 probant
867 3381 1087 3479 sequentium
1112 3377 1326 3456 Pontificum
1348 3377 1534 3475 Epistulae,
1551 3405 1595 3458 ac

549 3406 706 3561 becteta
738 3478 986 3559 conciliorum
1019 3481 1236 3577 generalium
1272 3474 1588 3567 lateranensium,

548 3584 681 3679 primi,
705 3580 872 3665 secundi,
891 3584 1005 3666 tertii,
1027 3582 1062 3654 δι
1088 3580 1204 3675 quarti
1231 3573 1399 3653 Canones
1416 3631 1433 3674 ,Ι
1451 3581 1590 3673 praesera

547 3685 688 3778 timque
715 3682 881 3777 postremi
904 3677 966 3755 sub
985 3680 1173 3748 Innocentio
1185 3678 1253 3756 ΙΙΙ.
1273 3675 1436 3753 celebrati
1461 3701 1537 3774 cap,
1551 3700 1590 3762 a,

372 3803 390 3853 .·
430 3754 441 3806 ⁷
547 3802 624 3878 quo
652 3778 910 3874 prohibitiones
930 3778 975 3853 de
997 3778 1172 3873 conjugio
1192 3778 1228 3850 in
1259 3772 1439 3856 secundo,
1459 3780 1494 3852 δι
1518 3799 1589 3854 ter·

545 3885 600 3955 tio
613 3875 785 3955 affinitatis
803 3900 934 3975 genere
951 3878 1097 3952 minime
1119 3873 1395 3961 contrahendo,
1416 3878 1452 3964 da
1474 3879 1518 3951 de
1533 3879 1588 3952 soe

545 3979 628 4055 bole
642 3977 793 4074 suscepta
812 3999 858 4051 ex
878 3976 1035 4053 secundis
1054 3978 1186 4073 nuptiis
1199 3978 1407 4070 cognationi
1427 3978 1491 4052 viri
1508 3996 1587 4053 nou

544 4078 745 4174 copulanda
774 4078 925 4173 prioris.
954 4086 1189 4160 revocantur,
1218 4068 1515 4172 decerniturque,
1545 4091 1587 4154 ut

541 4173 591 4252 fic
612 4175 862 4253 contrahentes
893 4174 1060 4272 deinceps
1085 4174 1190 4252 libere
1215 4174 1441 4272 copulentur·
1468 4168 1586 4272 smpe-

542 4276 742 4371 dimeutum
761 4275 899 4371 iusuper
923 4275 1257 4371 consanguinitatis,
1276 4273 1313 4351 ἃ
1336 4267 1512 4354 affinitatis
1530 4299 1588 4354 rc·

540 4373 719 4478 stringitur
745 4374 790 4455 ad
822 4385 988 4474 quartuor
1016 4373 1179 4473 gradum,

1457 4564 1528 4645 Aa·
