3700 5425
557 578 641 684 '184
730 542 886 684 Theoi.
912 573 1092 689 Dog.&
1123 573 1272 671 Moral·
1294 575 1386 670 Lib.
1404 579 1459 679 ΙΙ.

555 774 627 851 que
656 747 783 824 marito
808 744 984 827 violenter
1010 745 1138 823 sociata
1156 795 1168 831 ‚
1183 747 1447 842 defensionem,
1468 769 1508 836 ut
1532 759 1598 838 bo.

554 873 622 927 nos
634 845 790 924 Pastores
801 845 948 922 decebat
960 896 970 928 ‚
982 869 1056 921 non
1069 844 1299 954 suscepissent.
1311 908 1332 945 „
1343 909 1365 944 „
1386 852 1486 948 Quid
1502 865 1597 948 enim

553 949 699 1033 diduri,
717 949 848 1042 inquit,
868 968 1021 1040 quamve
1045 950 1217 1027 rationem
1234 949 1357 1027 futuru
1384 949 1598 1054 estiaJudici

443 1096 447 1103 -
552 1049 722 1124 reddituri
735 1092 745 1123 2
757 1068 850 1142 quos
871 1045 979 1153 stupri
994 1046 1159 1123 scortatio
1173 1071 1248 1128 noo
1264 1058 1486 1144 commovit.
1504 1082 1596 1161 qnos

466 1172 471 1181 ·
551 1147 596 1224 ad
619 1144 881 1224 defendendum
902 1145 1002 1225 favor
1029 1168 1254 1245 nequaquam
1283 1149 1434 1247 religiosi
1454 1155 1594 1246 habitus

549 1247 740 1331 excitavit,
759 1267 851 1349 quos
872 1247 916 1320 ad
940 1245 1122 1321 tutandam
1144 1248 1323 1356 pudicitia
1352 1256 1593 1351 integritatem

437 1426 446 1439 ,
549 1343 770 1424 sacerdotalis
791 1342 1028 1420 consideratio
1048 1368 1122 1428 non
1137 1347 1283 1430 erexit?
1306 1346 1373 1428 Vei
1393 1377 1592 1455 nuncergo

549 1444 729 1544 aeglesias
755 1442 798 1519 ad
839 1450 1049 1520 memoriam
1079 1447 1226 1529 redeat,
1250 1447 1356 1542 hujus
1391 1457 1592 1534 recordatio

548 1545 664 1637 cuipae
685 1542 854 1623 solicitet,
870 1544 907 1618 &
925 1540 1033 1619 officii
1059 1545 1159 1627 vestri
1183 1546 1417 1630 consideratio
1437 1553 1481 1638 ad
1504 1577 1595 1652 prae.

547 1642 825 1729 citramarinis
852 1664 919 1718 vor
941 1640 1230 1730 adhortationem
1265 1650 1432 1745 impellar.
1471 1651 1523 1729 Et
1546 1681 1593 1742 no

548 1742 643 1821 sorte
666 1766 729 1840 per
746 1762 886 1838 ternpus
905 1741 1133 1824 transriffetin
1147 1747 1367 1828 voluntatem
1391 1752 1590 1853 necessitas,

545 1843 667 1942 lingua
687 1841 734 1916 iiii
748 1842 856 1918 vestra
874 1842 1012 1920 medela
1033 1842 1095 1918 stt,
1115 1846 1512 1944 atqueadmonentibus
1529 1879 1592 1932 vo·

546 1945 623 2030 bis.
648 1943 868 2019 orationibus
891 1965 1038 2036 operam
1063 1941 1146 2028 det,
1170 1945 1215 2021 de
1242 1954 1412 2025 memoria
1438 1950 1591 2039 lamenta

545 2045 768 2154 poenitentiae
796 2064 871 2116 non
892 2043 1060 2127 recedant
1083 2092 1093 2124 ‚
1119 2041 1355 2140 Redemptori
1381 2050 1503 2127 nostro
1525 2077 1591 2131 cor

544 2145 725 2258 poenitens
750 2139 939 2230 exhibeat,
973 2142 1009 2218 ἃ
1046 2143 1207 2226 castitatis
1243 2145 1396 2226 damna.
1421 2172 1528 2248 quam
1558 2156 1589 2240 ei

545 2265 701 2337 corpore
723 2238 854 2316 servare
879 2243 1090 2324 nuntient,
1113 2242 1198 2323 fletu
1224 2245 1381 2333 resarciat
1410 2303 1431 2337 „
1447 2305 1481 2339 ,,,
1509 2250 1591 2328 Du.

544 2342 630 2439 piex
653 2342 952 2436 impedimentum
968 2341 1136 2418 dirimens
1155 2349 1192 2425 in
1205 2368 1243 2420 ca
1261 2345 1515 2440 coujuniiione
1534 2355 1590 2438 inq

542 2439 724 2519 tetceffriie
746 2446 781 2558 d.
798 2444 978 2533 Gregorius
1000 2439 1191 2544 fignificat,
1220 2444 1418 2530 violentiae,
1436 2446 1585 2543 seilicet.

541 2560 580 2624 at
608 2567 651 2618 ue
679 2557 768 2622 votr.

581 2567 657 2740 qsip.
671 2662 727 2732 3¹·
750 2640 808 2717 tib·
823 2657 879 2713 12.
897 2640 942 2718 ad
968 2635 1182 2736 Augustianos
1199 2637 1409 2741 Episcopum
1430 2647 1465 2723 dt
1489 2648 1587 2741 sipo·

540 2743 673 2822 siolum
686 2745 800 2837 gentis
814 2743 1035 2840 anglorum,
1057 2743 1156 2837 pinta
1173 2745 1264 2821 circa
1288 2747 1504 2824 matrimonii
1518 2752 1587 2826 im·

569 2843 743 2921 adimente
770 2840 910 2922 statuit,
930 2865 970 2920 ac
983 2841 1152 2927 declarat,
1180 2842 1365 2937 praesertim
1387 2848 1422 2923 in
1438 2847 1589 2945 respon-

538 2868 639 3021 Eone
674 2941 717 3024 ad
756 2941 920 3027 sextam,
962 2941 1220 3039 &septimam
1252 2946 1583 3041 interrogationem,

537 3099 563 3136 „
578 3099 599 3133 „
630 3039 805 3135 Quaedam
822 3082 832 3116 ‚
858 3041 988 3135 inquit.
1008 3054 1145 3120 terrena
1176 3041 1235 3135 lex
1255 3047 1289 3119 in
1315 3067 1460 3124 romana
1480 3069 1585 3143 repu-

535 3144 629 3222 blica
647 3144 838 3241 permittit,
856 3158 897 3223 nt
917 3141 986 3217 sive
1006 3141 1138 3227 fratris.
1157 3140 1225 3218 stre
1244 3143 1391 3227 sororis,
1415 3135 1581 3223 seu'duo·

537 3266 618 3321 rum
661 3242 807 3318 fratrum
837 3264 1115 3337 germanorum,
1141 3241 1196 3320 vei
1236 3243 1386 3318 duarum
1416 3242 1581 3329 surorum

536 3341 653 3428 fliius,
674 3342 710 3415 δι
731 3339 799 3415 iiiia
822 3340 1043 3422 misceantur·
1082 3341 1151 3419 Sed
1184 3345 1430 3436 experimento
1456 3341 1581 3424 didici.

534 3466 636 3528 mur,
663 3463 708 3515 ex
724 3441 782 3515 tali
796 3444 970 3537 conjugio
986 3440 1143 3522 sobolem
1163 3463 1238 3521 non
1251 3436 1348 3533 posse
1359 3442 1580 3519 succrescere.

533 3536 582 3627 Et
604 3542 694 3617 sacra
718 3536 795 3616 Lex
819 3539 985 3637 prohibet
1007 3539 1234 3635 cognationis
1253 3539 1508 3632 turpitudinem
1527 3568 1581 3627 re.

531 3642 661 3719 relate·
694 3638 802 3716 Unde
826 3636 959 3714 necesse
980 3639 1051 3724 est,
1072 3654 1112 3714 ut
1135 3638 1216 3729 jam‘
1231 3640 1353 3724 tertia,
1379 3640 1433 3716 vel
1456 3659 1578 3739 quarta

395 3729 402 3746 ⁸
432 3757 456 3774 ‘·
532 3744 720 3840 generatio
741 3736 913 3814 Fideiium
938 3737 1084 3812 licenter
1111 3733 1172 3811 srbi
1188 3738 1292 3833 jungi
1315 3739 1452 3819 debeat.
1483 3741 1579 3821 Nam

408 3840 412 3849 ‘
532 3841 709 3921 secunda,
728 3861 836 3936 quarn
857 3835 1013 3920 diximus
1029 3890 1039 3921 .
1057 3858 1077 3912 a
1105 3833 1138 3909 ie
1155 3837 1366 3920 omnimode
1388 3838 1492 3915 debet
1518 3844 1583 3917 ab·

277 4565 415 4791 ιι

516 3941 673 4022 ‘dinero
698 3935 794 4016 cum
817 3958 971 4011 noverca
1001 3950 1119 4010 rutem
1141 3936 1297 4021 misceri,
1319 3937 1441 4033 graves
1457 3940 1505 4015 est
1529 3942 1581 4015 sa.

530 4046 644 4118 cinus·
663 4087 694 4108 ·.
724 4036 819 4113 Cum
837 4051 991 4129 cognata
1014 4058 1161 4148 quoque
1183 4034 1338 4121 misceri,
1355 4036 1576 4132 prohibitum

530 4142 604 4224 est,
622 4160 702 4234 quae
724 4158 787 4232 per
807 4134 1100 4224 conjuudionem
1122 4138 1279 4230 priorem
1302 4158 1386 4213 caru
1404 4138 1514 4214 fratris
1526 4141 1581 4216 ei'-

528 4240 617 4323 fecta
641 4237 689 4309 est
716 4290 788 4326 „,‚.
806 4232 973 4335 ¹Terrena
996 4236 1077 4315 sex,
1104 4237 1204 4327 cujus
1226 4238 1387 4311 meminit
1405 4241 1437 4308 S.
1451 4242 1579 4332 Grego.

527 4339 623 4411 rint,
639 4334 687 4411 est
712 4334 793 4420 lett,
817 4331 1050 4419 Celebrandr's,
1078 4349 1136 4425 19,
1164 4334 1223 4409 lib.
1244 4355 1276 4413 ς.
1305 4340 1383 4413 Cod.
1418 4335 1490 4419 Tit,
1522 4343 1576 4410 De

528 4437 686 4515 Nuptiis,
726 4429 954 4513 Theodosius
975 4457 1125 4530 magnos
1158 4433 1458 4524 consobrinorum
1487 4460 1577 4513 cun·

528 4538 624 4647 jugia
647 4535 726 4635 iege
754 4534 822 4614 latr
839 4535 1098 4634 prohibuerat,
1120 4546 1160 4614 ut
1183 4532 1362 4618 tntaneue-
1380 4543 1413 4615 s,
1431 4535 1576 4609 Ambro-

1460 4630 1529 4731 fier
