3700 5425
572 554 661 642 ato
755 452 911 627 Theoi.
928 531 1051 663 'Do'g.
1071 533 1113 622 &
1135 498 1284 623 Morari.
1303 528 1398 620 Liba
1411 529 1481 621 ·11.
1591 444 1600 467 Ι

581 704 708 806 gradu.
728 699 843 779 Hanc
855 699 1029 799 Regnum
1043 702 1242 781 confirmat
1267 703 1356 788 Can,
1374 702 1568 794 rarenrrtae,
1583 706 1620 783 ἃ

584 806 671 884 ean.
686 804 740 876 Ad
756 805 888 887 seriem,
908 802 1005 878 causa
1019 821 1077 895 35·
1102 824 1159 898 qu.
1191 826 1223 893 5.

869 950 1189 1036 REGULA
1243 956 1329 1036 ΙΙΙ.

581 1114 625 1195 ln
637 1115 725 1190 linea
738 1111 994 1191 collateralium
1005 1112 1162 1212 inaequali
1178 1169 1190 1203 ,
1208 1139 1252 1190 eo
1266 1114 1377 1211 gradu
1397 1140 1416 1192 a
1440 1115 1473 1191 se
1492 1129 1622 1194 mutuo

631 1213 947 1410 gigggtffizriissnm
960 1236 1036 1311 quo
1049 1215 1164 1310 gradu
1183 1216 1284 1293 diicat
1297 1219 1501 1295 remotiora
1521 1239 1627 1293 com·

572 1446 847 1647 'Exemplum‘
874 1540 949 1621 esto
979 1542 1017 1618 in
1043 1537 1218 1622 schemate
1247 1542 1416 1643 sequenti.

1069 1736 1165 1819 Noe.

833 1887 1436 1909 *κ*

1074 1944 1158 2021 ὅσω.
1236 1937 1427 2031 Arpiraxad,
1571 1942 1574 1952 '

1013 2084 1021 2130 Ι
1101 2087 1134 2140 1.
1317 2086 1352 2149 2.

832 2182 1434 2207 *Μ*

866 2239 962 2310 Char.
1059 2236 1170 2312 (iram.
1296 2239 1379 2306 Sale.

809 2275 820 2458 i
904 2386 938 2456 3·
1104 2385 1135 2437 1·
1318 2368 1384 2460 εν
1451 2280 1462 2460 i

799 2481 1037 2504 —---
1056 2482 1464 2503 „un-m

631 2584 699 2667 vis
716 2588 798 2666 scire
811 2605 902 2689 quot
915 2590 1113 2686 gradibusa
1132 2591 1164 2666 se
1178 2609 1306 2668 mutuo
1321 2590 1449 2666 distent
1467 2589 1558 2676 Sale,
1576 2591 1616 2669 Gt

581 2689 664 2763 Cher
687 2691 703 2767 ?
726 2688 868 2768 Distant
886 2695 996 2767 tribus
1014 2691 1297 2788 graduumque
1322 2692 1394 2760 Sale
1411 2689 1617 2766 collateralia

581 2794 754 2867 remotior
769 2794 878 2866 tribus
894 2792 993 2865 distat
1010 2794 1204 2884 gradibusa
1223 2793 1407 2866 communi
1422 2794 1612 2866 amborum

581 2891 720 2985 stipite,
737 2894 797 2986 qui
822 2891 871 2966 est
890 2888 996 2972 Noc,
1017 2912 1062 2964 ex
1079 2915 1154 2984 quo
1180 2906 1248 2966 tres
1275 2890 1345 2966 issae
1362 2890 1514 2984 perionae
1530 2912 1617 2986 pro-

578 3007 777 3087 pagantur,
797 2997 893 3070 Sem,
922 2989 1121 3080 arphaxad,
1136 2995 1218 3060 Sale.
1243 2990 1302 3066 Sic
1322 2991 1432 3064 fratris
1458 2987 1545 3063 iilius
1570 2989 1615 3061 ab

579 3094 685 3163 amita
713 3091 855 3166 duobus
883 3088 1049 3184 gradibus
1077 3089 1178 3165 distat
1203 3135 1212 3162 ‚
1242 3093 1324 3185 quia
1346 3089 1497 3165 totidem
1523 3092 1615 3165 inter

578 3185 717 3285 ipsum,
738 3193 797 3285 qui
818 3191 990 3264 remotior
1011 3191 1058 3264 est
1072 3245 1080 3275 ‚
1096 3213 1275 3288 auumque
1289 3235 1299 3267 2
1312 3209 1541 3264 communem
1558 3203 1615 3261 nt·

577 3288 718 3381 riuique
739 3289 889 3382 stipitem
914 3342 924 3373 ,
960 3292 1205 3384 generationes
1235 3283 1467 3362 intercedunt.
1518 3283 1615 3361 Hinc

579 3387 726 3481 peri'ona
750 3387 1170 3485 diiiansastipiteqnarto
1184 3387 1322 3483 gradu,
1349 3385 1403 3459 vei
1433 3385 1610 3471 citeriori,

577 3507 662 3561 cum
682 3510 741 3569 ea,
756 3510 834 3579 quae
854 3486 954 3561 distat
972 3490 1123 3585 quinto,
1137 3486 1191 3560 vel
1212 3483 1612 3579 ulteriori,contrahete

575 3585 702 3681 potest·
727 3581 890 3679 Exempli
918 3591 1051 3680 gratia,
1077 3595 1190 3653 nereus
1213 3587 1304 3660 duos
1329 3580 1420 3658 filios
1441 3583 1610 3678 i'uicepit5

575 3684 832 3766 Memntmt&
848 3688 1001 3767 umam,
1017 3686 1079 3778 qui
1105 3682 1183 3759 sunt
1210 3680 1459 3777 consanguinei
1476 3684 1510 3756 in
1536 3685 1613 3776 pri-

576 3803 641 3856 mo
661 3785 773 3875 gradu
789 3783 915 3860 ›iiater
939 3782 1087 3866 scilicet,
1104 3805 1147 3858 ac
1167 3782 1276 3858 soror.
1288 3779 1356 3858 ‘Ex
1374 3784 1523 3851 Martiae
1547 3803 1610 3854 na·

517 3885 520 3902 '
575 3883 893 3973 tuseiiff⁰⁴nn=13
926 3884 971 3957 de
991 3885 1092 3952 Bene
1112 3905 1158 3958 ex
1190 3881 1260 3957 alio
1295 3881 1402 3956 latere
1431 3880 1610 3956 natusest
1651 3963 1652 3967 Ν

574 3974 753 4063 Roberrus.
791 3977 838 4056 Hi
857 3979 1108 4077 consanguinei
1135 3980 1272 4056 suntin
1295 3978 1449 4057 secundo
1471 3979 1607 4074 gradu,

574 4079 752 4175 aequaliter
775 4079 978 4157 distantesa
1006 4089 1101 4150 Petro
1119 4081 1305 4157 communi
1328 4080 1461 4177 stipite,
1480 4094 1610 4171 utpote

573 4178 768 4269 patrueles,
788 4180 845 4255 itu
873 4181 1018 4274 cognati
1039 4184 1196 4275 germani
1210 4182 1226 4270 (
1240 4197 1278 4255 ut
1298 4178 1505 4276 loquuntur.
1521 4180 1539 4265 )
1555 4177 1609 4255 Ex

571 4276 708 4365 Joanne
730 4298 831 4356 natus
856 4278 905 4354 est
922 4279 1123 4371 stephanus,
1151 4301 1196 4354 ex
1221 4271 1363 4348 Roberto
1390 4295 1608 4375 propagatus

572 4376 622 4450 est
641 4374 805 4450 aibertus.
839 4374 885 4454 Hi
906 4378 1157 4473 consanguinei
1186 4375 1263 4453 sont
1280 4381 1316 4453 in
1342 4380 1448 4455 tertio
1468 4378 1607 4473 gradu.

570 4477 868 4560 consobrinorum
885 4500 1014 4577 nempe
1036 4476 1118 4567 filii,
1133 4474 1296 4557 distantes
1326 4500 1347 4557 a
1370 4485 1487 4559 Petro,
1503 4497 1604 4587 com·

661 4593 665 4601 ’
834 4592 839 4618 ¹
1453 4593 1555 4650 mum
