3700 5425
546 546 605 653 '14
712 527 867 633 Theoi.
882 527 996 652 Dog·
1026 522 1240 632 &liunt
1262 528 1353 630 Lib.
1384 526 1446 657 II,

478 746 488 759 ν
548 712 711 813 peccavit
734 720 877 789 autem,
900 710 1030 788 srdixit
1049 709 1081 785 se
1099 707 1317 796 consentire,
1341 712 1377 788 da
1403 733 1478 789 non
1506 723 1604 794 θοή·

549 812 661 890 l'enlit·
689 810 793 889 Unde
811 810 963 889 Ecclelia
988 809 1164 904 praelbmit
1186 833 1264 886 eam
1285 810 1518 905 conl'enlille;
1538 816 1598 895 led

549 913 683 1008 judicat
696 914 794 991 illum
815 910 1024 988 consensum
1045 920 1229 986 extortum
1248 933 1322 986 non
1344 908 1411 988 esse
1427 910 1601 993 sufficiens

550 1029 623 1103 tem
650 1013 695 1086 ad
717 1012 920 1089 laciendum
942 1013 1210 1086 matrimonium
1231 1065 1254 1102 „
1268 1052 1302 1101 „a

352 1101 534 1193 onmes„
565 1158 570 1170 ·
602 1111 725 1189 Metus
748 1135 860 1212 porro
895 1115 1024 1188 cadens
1046 1112 1081 1183 in
1106 1113 1221 1184 virum
1250 1109 1472 1189 comitatem
1490 1114 1519 1189 ir
1545 1113 1600 1190 dia

348 1192 535 1332 mig}
552 1214 662 1296 citur,
687 1237 762 1312 quo
783 1214 826 1288 ad
847 1212 1070 1287 eradendum
1092 1211 1205 1304 majus
1224 1212 1385 1297 malum,
1412 1214 1512 1305 quod
1536 1236 1601 1290 ae,

347 1344 481 1412 stum
525 1306 734 1390 ’ribmiliter
757 1315 943 1395 imminet,
971 1314 1115 1405 cogitur
1145 1310 1268 1405 aliquis
1292 1312 1454 1404 amplctii
1477 1319 1595 1391 minus

551 1414 707 1505 maioma
728 1416 825 1487 velut
850 1411 872 1487 ir
890 1417 1021 1486 timore
1037 1411 1184 1495 mortis,
1203 1411 1461 1489 mutilationis,
1478 1417 1597 1491 acerbi

551 1517 727 1590 cruciatus
745 1551 758 1596 ,
781 1512 979 1596 lenitatis,
1004 1512 1176 1592 carceris,
1196 1509 1313 1596 exilii,
1330 1512 1498 1597 infamiae,
1516 1528 1598 1610 quae

551 1613 683 1696 averti,
702 1612 757 1687 vel
769 1613 962 1705 comprimi
980 1631 1054 1684 non
1074 1606 1201 1704 pellit,
1214 1623 1366 1706 cogatur
1388 1612 1596 1690 conl'enl'um

551 1717 708 1811 praebere
731 1716 960 1799 matrimonio
983 1731 1067 1785 cum
1085 1707 1163 1794 illa,
1182 1732 1291 1806 quam
1311 1710 1445 1808 alioqui
1467 1714 1599 1790 ducere

551 1815 676 1891 nollet.
717 1810 812 1888 Nam
839 1812 895 1887 illa
925 1810 1009 1885 lano
1033 1809 1169 1898 judicie
1189 1809 1403 1886 aellimantur
1429 1818 1597 1908 graviora

551 1912 664 1995 mala,
686 1934 794 2009 quam
813 1922 968 1987 uxorem
989 1908 1144 1991 habere,
1169 1928 1249 2005 que
1271 1909 1405 2006 alioqui
1425 1910 1598 2008 displiceo

551 2013 588 2089 bi
611 2013 688 2108 quis
706 2029 824 2087 autem
838 2027 937 2086 metu
958 2007 1128 2094 infamia,
1145 2030 1225 2109 quae
1242 2007 1342 2084 facile
1362 2011 1515 2090 aboleri,
1534 2029 1618 2089 aut·

549 2112 669 2206 repelli
695 2111 833 2209 potest,
851 2111 907 2185 vel
932 2129 1028 2185 metu
1047 2111 1229 2183 amittendi
1249 2132 1417 2185 uunrmos
1440 2156 1451 2197 ,
1478 2112 1531 2187 vel
1550 2129 1599 2191 ne

547 2211 691 2286 excidat
710 2215 820 2309 gratia
843 2209 982 2286 domini
1004 2208 1077 2290 lui,
1099 2206 1152 2282 ael
1177 2225 1198 2282 e·
1222 2207 1352 2286 iarnrlia
1375 2210 1594 2299 dimittatur,

546 2323 701 2387 uxorem
721 2312 847 2395 ducat,
869 2311 954 2401 levis
969 2356 979 2388 ,
996 2309 1032 2383 ἃ
1053 2307 1283 2385 inconstantis
1297 2309 1453 2388 bominis
1472 2312 1521 2386 ell
1535 2310 1608 2389 illd.

546 2429 685 2502 metum
707 2409 1015 2506 quemadmodum
1035 2405 1116 2484 &a
1143 2412 1221 2505 quis
1244 2426 1399 2490 mortem
1425 2410 1596 2512 quidem,

547 2512 585 2584 de
616 2526 794 2585 tormenta
816 2529 969 2591 metuat.
993 2506 1051 2586 sed
1077 2530 1158 2607 quae
1183 2508 1411 2584 verilimiliter
1435 2533 1510 2587 non
1526 2513 1597 2595 gin.

546 2610 714 2685 ferentur.
746 2607 982 2688 Dotiriuaest
997 2607 1262 2701 eruamaeiuq,
1277 2616 1422 2682 sentem,
1443 2611 1598 2702 dist-29,

576 2734 608 2786 u.
626 2726 664 2791 2.
690 2726 754 2786 art,
772 2729 806 2785 2.
1244 2777 1247 2781 ,
1436 2753 1440 2758 -

546 2731 573 2809 q
597 2808 692 2886 Cum
716 2826 835 2888 autem
860 2817 996 2887 melum
1023 2810 1139 2906 gravis
1157 2807 1251 2888 „ninii
1277 2808 1504 2901 probabiliter
1525 2812 1598 2890 lma

547 2913 715 2987 minentis
735 2915 873 2986 irritum
892 2912 1004 2988 faeere
1026 2914 1294 2987 matrimonium
1322 2909 1495 2992 dicimus,
1515 2929 1596 2992 uoti

439 3039 442 3044 ·
545 3012 598 3085 est
621 3008 778 3093 necesse,
798 3021 838 3087 ut
864 3011 1040 3108 peribam,
1060 3033 1139 3110 quae
1159 3011 1203 3084 ad
1218 3009 1503 3091 contrahendum
1528 3034 1596 3088 cos

575 3112 667 3191 itur,
685 3108 741 3184 led
763 3107 912 3189 sufficit,
934 3128 973 3190 ut
991 3111 1080 3185 illius
1109 3115 1223 3204 patri,
1250 3111 1305 3186 vel
1335 3114 1434 3187 matri
1459 3160 1469 3194 ,
1497 3110 1597 3201 liliis,

565 3215 567 3220 ’
600 3211 733 3295 tribus,
757 3211 960 3289 sororibus,
983 3213 1203 3307 nepotibus,
1226 3211 1365 3305 aliisque
1385 3210 1599 3309 consanguia

546 3314 650 3406 nris,
676 3309 730 3384 vel
767 3308 960 3398 affinibus,
987 3310 1189 3388 domesticis
1218 3312 1348 3393 etiam,
1372 3309 1428 3384 vel
1461 3312 1598 3389 intimis

543 3409 672 3488 amieis
695 3426 885 3492 metuatur,
993 3511 996 3518 ι
1548 3465 1551 3470 .

821 3583 1149 3682 nadair
1198 3577 1319 3675 vlt,

547 3757 745 3840 Conieniu's
763 3772 810 3835 ex
830 3771 954 3836 metu,
976 3783 1050 3857 quo
1069 3759 1121 3833 rir
1142 3754 1306 3869 condens
1326 3739 1435 3843 affici,
1458 3763 1598 3852 cuneus,

564 3953 568 3964 Ι
599 3857 860 4036 ἓῐᾳιὲῗωῗὲυίξῑ,
885 3859 975 3953 iuste
998 3860 1097 3937 illato
1118 3904 1130 3947 ,
1152 3854 1278 3937 sufficit
1301 3861 1344 3935 ud
1375 3856 1597 3935 matrimonii

343 4114 522 4196 urentem
552 4118 699 4279 Cum
721 4117 815 4191 enlm
851 4119 967 4193 metus
993 4101 1080 4207 iuste
1098 4113 1297 4202 incutitur,
1318 4114 1504 4195 consensus
1532 4121 1598 4212 pet

272 4217 277 4250 ³
342 4206 376 4269 su
395 4225 431 4297 ⁶3¹
452 4218 531 4342 ''fei''
653 4217 817 4312 injurtam
838 4236 914 4292 non
940 4231 1200 4314 extorquetur,
1227 4240 1294 4292 nec
1319 4220 1449 4293 invitus
1473 4215 1598 4313 appel·

357 4301 524 4426 ffli'ffl‘tm
551 4317 611 4392 lari
634 4321 764 4392 merito
792 4317 928 4412 potest,
945 4321 1004 4415 qui
1029 4321 1173 4414 cogitur
1197 4316 1273 4411 ipso
1290 4318 1392 4413 jure,
1416 4321 1472 4392 cui
1497 4318 1519 4392 li
1535 4339 1599 4412 paz

550 4437 626 4493 rere
653 4414 885 4499 recusaverit,
909 4416 1080 4510 injustus,
1104 4417 1141 4492 de
1167 4420 1308 4517 iniquus
1329 4416 1387 4492 est.
1418 4414 1525 4492 Unde
1539 4415 1598 4491 ille

551 4516 613 4595 fibi
649 4521 770 4616 potius
798 4518 928 4596 incutit
953 4530 1119 4608 metum,
1141 4539 1250 4616 quarn
1277 4519 1320 4618 ab
1344 4516 1414 4594 alin
1444 4519 1599 4692 paflatur

631 4669 635 4676 .
1502 4637 1549 4692 ss·
