3700 5425
544 552 651 669 'lla
700 552 859 653 Theoi.
883 555 999 673 Dug·
1028 556 1071 650 dr
1097 546 1250 653 Moral.
1274 551 1372 648 Lib.
1396 549 1482 647 ur.

597 728 640 811 ld
662 727 1047 808 connumeravimus
1060 777 1070 807 ,
1085 730 1203 825 quast·
1231 747 1266 816 3.
1289 728 1346 798 De
1364 734 1449 797 mera
1470 740 1539 811 arr.
1558 743 1602 811 ι.

550 878 606 924 „-„
630 823 729 909 Deua
749 827 917 927 linquit)
949 830 1078 908 dicitur
1099 832 1236 905 tradere
1257 825 1397 924 aliquoa
1421 849 1458 902 ιιι
1479 850 1506 903 r.
1518 854 1611 925 pro·

551 933 641 1006 bum
661 927 795 1007 sensum
809 985 820 1018 ‚
833 929 889 1008 uel
908 932 1076 1008 inclinare
1094 929 1295 1006 uoluntates
1306 935 1344 1001 in
1355 926 1489 1003 malum
1507 953 1608 1010 ,nou

554 1028 704 1126 quidem
723 1029 893 1129 agendo,
919 1031 976 1108 vel
1003 1030 1207 1115 movendo.
1228 1025 1285 1101 led
1304 1029 1425 1121 potius
1443 1030 1608 1105 deleren-

555 1134 608 1204 do
622 1170 633 1206 ι
648 1128 707 1203 vel
730 1153 806 1205 non
827 1129 1068 1225 impediendo·
1093 1127 1195 1206 Sicut
1214 1125 1240 1199 li
1262 1125 1387 1222 aliquia
1410 1148 1487 1201 non
1507 1133 1610 1207 daret

556 1251 704 1305 manum
727 1229 889 1316 cadenti,
910 1228 1086 1305 diceretur
1104 1224 1171 1302 elle
1190 1224 1291 1305 caula
1313 1231 1410 1323 calor
1423 1227 1514 1303 illius
1535 1278 1558 1319 „
1571 1272 1610 1320 „.

559 1324 735 1419 Quamuis
757 1351 876 1405 revera
898 1328 997 1406 mula
1020 1348 1095 1403 non
1115 1323 1221 1407 esset.
1245 1322 1270 1397 li
1297 1346 1443 1401 manum
1457 1327 1609 1425 illipor·

409 1448 434 1469 ·'
559 1432 674 1525 rigere
694 1449 770 1503 uon
783 1444 961 1506 teneretur
974 1427 1051 1512 ‚led
1068 1427 1192 1518 justam
1208 1422 1345 1500 caulam
1368 1424 1511 1503 haberet
1528 1428 1609 1505 l'ub·

560 1524 910 1607 trahaudlrnauum.
932 1524 970 1603 dr
992 1526 1108 1603 caium
1130 1525 1221 1602 illiur
1244 1525 1484 1618 permittendi.

331 1646 336 1659 ⁶
362 1610 523 1693 Q¹¹⁰¹¹¹⁰⁶⁰
576 1624 842 1725 ..Quamquam
861 1651 947 1706 vero
965 1623 1067 1703 Deua
1082 1636 1238 1701 txcaecet
1266 1627 1418 1701 oculos,
1437 1628 1473 1698 dr
1488 1623 1613 1702 obdu·

360 1694 545 1831 ἓξξξςξῗξ,
561 1738 635 1815 rat·-
651 1746 717 1803 cor
741 1730 971 1824 peccatoria,
1000 1739 1041 1804 ut
1062 1726 1194 1800 dicitur
1214 1717 1319 1818 Joan.
1353 1739 1410 1796 12.
1430 1729 1609 1816 Propterea

279 1874 281 1879 -
356 1858 471 1917 caecet,
491 1848 520 1909 ει
561 1842 784 1919 mpatmat
803 1832 958 1904 credere,
973 1832 1054 1919 quie
1080 1828 1200 1894 iterum
1210 1824 1437 1909 arxitllar'ar:
1454 1822 1608 1893 Excaeca-

339 1917 485 1987 ¹induret
539 1926 616 1997 'rra't
637 1924 744 2009 orales
760 1948 871 2011 eorem
884 1981 894 2014 ‚
908 1932 950 2000 d*
967 1928 1141 1997 induravit
1157 1947 1213 1992 cor
1232 1944 1342 1993 eoram
1355 1968 1365 1991 .
1380 1917 1424 1997 Et
1437 1925 1481 1997 ad
1493 1920 1609 2001 Rom.

559 2040 594 2121 9.
610 2020 715 2118 Caius
734 2024 810 2098 vult
823 2074 833 2106 ‚
846 2024 1037 2114 miseretur,
1055 2030 1097 2096 d*
1110 2047 1203 2118 quem
1229 2024 1325 2109 vair,
1339 2025 1497 2103 induret:
1513 2022 1606 2102 Nou

558 2145 747 2304 gonterea
766 2131 901 2226 peccati
930 2125 1135 2205 audoreil.
1161 2120 1244 2223 quia
1262 2176 1320 2214 „„
1342 2121 1430 2199 Non
1447 2121 1606 2202 obdurat

621 2250 662 2304 ua
685 2227 935 2318 'impertiendo
957 2229 1123 2305 malitiam
1145 2269 1155 2303 ι
1177 2220 1235 2300 led
1263 2245 1338 2298 non
1364 2227 1605 2318 impertiendo

556 2324 844 2403 misericordiam·
858 2328 999 2419 Quibus
1009 2331 1104 2403 enim
1115 2343 1190 2401 non
1208 2326 1489 2418 impertitunnec
1501 2327 1605 2420 digni

556 2423 639 2502 lunt
654 2477 664 2511 ,
679 2449 745 2503 uec
771 2445 974 2509 merentutr
993 2443 1029 2503 at
1052 2426 1193 2521 potius,
1213 2441 1342 2497 utnon
1354 2427 1606 2519 impertiatur·

556 2522 737 2623 hoedigni
755 2524 843 2602 lunt,
857 2524 931 2604 hoc
942 2541 1121 2611 orerentur
1132 2577 1187 2616 „‚‚
1202 2530 1348 2616 ,aequm
1359 2534 1392 2599 l.
1405 2530 1607 2616 Augusteum

554 2619 663 2721 Rutu.
687 2639 765 2719 ¹94·
796 2624 876 2703 aliar
894 2648 973 2715 ¹05·
999 2625 1044 2706 ad
1061 2630 1202 2695 Siarum.

605 2722 646 2802 ld
670 2723 832 2820 praeclare
849 2730 1002 2804 omnino
1018 2733 1051 2798 S.
1061 2728 1203 2798 Thomas
1216 2717 1371 2820 explicat
1387 2737 1467 2796 ια.
1480 2724 1606 2819 quali.

555 2831 615 2912 89·
630 2841 694 2900 art.
712 2844 743 2913 ι.
767 2879 790 2917 ,,
804 2881 826 2915 ,,
856 2825 1056 2905 Excaecatio
1072 2875 1084 2914 ‚
1098 2830 1210 2920 inquit
1224 2868 1234 2901 ι
1247 2827 1284 2896 dr
1306 2822 1497 2899 obduratio
1524 2828 1602 2903 duo

553 2928 761 3019 important
788 2922 960 3017 Quorum
981 2949 1093 3004 unum
1118 2928 1167 3001 eli
1186 2939 1307 3000 motur
1322 2928 1431 2998 animi
1451 2922 1602 3002 humaui

553 3023 754 3100 inhaerentir
773 3027 888 3110 malo,
903 3030 938 3102 dt
953 3025 1059 3103 aversa
1080 3026 1237 3101 adirino
1258 3021 1404 3100 lumine.
1432 3020 1602 3120 thuan·

554 3125 685 3198 tumad
702 3121 885 3201 hocDeus
897 3123 1032 3203 nonest
1046 3126 1142 3203 causa
1156 3124 1423 3209 excaecationis,
1435 3127 1471 3196 dr
1485 3128 1604 3199 obdu·

553 3221 801 3305 rationinllcut
813 3225 946 3302 nonest
958 3226 1056 3303 caula
1068 3220 1509 3322 peccarinludautemett
1521 3225 1603 3298 l'ub-

553 3320 680 3397 ttadlio
691 3326 832 3416 gratiae,
853 3347 898 3399 ex
910 3349 979 3419 qua
994 3325 1169 3425 sequitur,
1184 3321 1284 3419 quod
1303 3344 1403 3395 meur
1428 3324 1600 3399 diuinitua

552 3442 630 3494 non
644 3419 860 3498 illuminetur
882 3425 925 3498 ad
942 3427 1033 3502 recle
1064 3421 1256 3501 videndum
1279 3421 1599 3506 ‚dacorhominiu

552 3540 630 3596 non
643 3519 841 3598 emolliatur
856 3525 899 3598 ad
912 3525 1003 3601 recle
1014 3527 1217 3601 vivendum.
1229 3522 1272 3599 Et
1282 3535 1455 3614 quantum
1466 3522 1511 3596 ad
1521 3521 1598 3600 lroo

552 3614 654 3693 Deus
690 3619 739 3695 est
756 3620 853 3696 caula
880 3623 1125 3702 excaecatlonir
1149 3680 1159 3707 ‚
1185 3621 1222 3696 dr
1243 3622 1501 3702 obdurationis.
1536 3621 1596 3699 Eli

551 3733 671 3793 autem
695 3720 1013 3810 condonandum,
1030 3723 1243 3822 quudDeus
1267 3721 1315 3797 est
1333 3731 1430 3797 caula
1454 3723 1600 3798 unirer.

550 3814 625 3892 salis
645 3818 907 3898 illuminationis
924 3827 1141 3907 animarum.
1169 3822 1362 3901 secundum
1386 3821 1472 3898 illud
1483 3818 1595 3916 joan.

551 3933 585 3986 1.
604 3916 689 3986 Erat
713 3919 772 3987 lex
804 3943 907 4007 vera,
931 3943 998 4017 que
1028 3925 1189 3994 illuminat
1209 3944 1333 3991 omnem
1351 3921 1513 3990 hommem
1534 3944 1598 3990 vc.

544 4019 689 4086 trientem
715 4021 749 4088 in
782 4021 864 4091 hanc
889 4025 1042 4094 mundum
1065 4045 1075 4098 ι
1100 4020 1187 4102 ficut
1215 4021 1277 4098 Sol
1310 4019 1358 4095 est
1393 4020 1596 4106 universalia

541 4117 641 4192 caula
661 4115 930 4198 illuminationis
952 4145 1150 4220 corporum
1168 4121 1289 4210 ,aliter
1310 4136 1453 4207 tamen,
1470 4122 1507 4196 dr
1531 4123 1595 4198 ali·

538 4226 603 4286 ter·
631 4215 725 4291 Nam
751 4218 814 4294 Sol
839 4225 912 4314 agit
933 4222 1166 4300 illuminando
1189 4244 1251 4318 ptr
1272 4218 1510 4298 neceffitatem
1531 4247 1592 4297 na·

535 4323 646 4389 tura,
671 4314 769 4394 Deua
795 4336 914 4397 autem
939 4325 1012 4419 agit
1036 4319 1238 4399 voluntarie
1255 4344 1318 4417 per
1338 4325 1507 4397 ordinem
1521 4323 1590 4396 l'uae

532 4410 717 4504 sapientia.
743 4417 805 4491 Sol
819 4438 961 4503 autem,
979 4421 1062 4499 licet
1085 4441 1260 4518 quantum
1272 4421 1321 4497 est
1334 4421 1379 4495 de
1396 4422 1451 4508 ir,
1468 4425 1591 4498 omnia

529 4530 685 4611 corpora
711 4514 884 4598 illuminet
900 4543 912 4615 3
926 4518 949 4596 fi
965 4522 1206 4621 quodumen
1215 4523 1511 4619 impedimentum
1527 4521 1588 4596 in·

1457 4641 1520 4696 re·
