3700 5425
577 544 661 654 256'
755 541 909 639 Theoi.
935 544 1052 655 Dog.
1078 541 1288 634 &siluros
1307 542 1402 639 Lis.
1424 544 1481 635 lla

575 692 677 797 isium
695 775 705 804 ,
731 712 872 792 tenetur
889 716 1032 814 quidem
1057 715 1217 809 debitum
1245 714 1391 790 reddere
1407 772 1415 801 ‚
1430 715 1620 813 sedpetere

509 908 511 919 Ι
575 840 651 896 non
669 817 785 914 potest
810 818 940 911 absque
963 811 1292 912 dispensationesut
1313 817 1446 894 dissum
1464 819 1537 907 est)
1557 847 1621 920 per

575 916 795 1017 Episcopum
816 971 838 1008 ,‚
852 911 915 1007 „·'
1576 958 1580 971 ·

768 1143 771 1155 -
857 1080 1354 1182 Rucuttvtn

522 1310 527 1317 ·
572 1253 792 1359 Subsequent
814 1256 1064 1340 affinitas‘non
1086 1260 1217 1337 dirimit
1249 1262 1538 1349 matrimonium,
1562 1258 1619 1342 sod

568 1375 571 1382 '
622 1385 690 1438 nec
702 1364 902 1459 praecedens
915 1411 925 1444 ,
940 1359 1001 1436 nisi
1017 1362 1344 1458 legitimeprobata.
1369 1359 1479 1458 ¹Unde
1492 1368 1620 1456 quassi.

622 1463 674 1538 ris
696 1478 847 1560 uterquc
875 1462 1076 1555 coniugum
1105 1457 1226 1535 asserat
1241 1490 1251 1542 ,
1269 1460 1487 1535 acclamante
1509 1472 1616 1540 eriam

621 1563 770 1645 vicinia,
794 1560 895 1658 quod
929 1562 982 1635 vir
1007 1576 1092 1635 ante
1109 1560 1329 1636 contractum
1350 1560 1617 1638 matrimonium

618 1663 744 1759 uxoris
764 1658 830 1736 suae
852 1658 1151 1755 consanguineam
1174 1666 1407 1763 cognoverit,
1426 1675 1618 1759 propteroa

622 1761 796 1857 conjuges
826 1759 972 1856 separari
999 1781 1075 1833 non
1106 1760 1247 1833 debenti

570 1907 715 2076 Haec
731 1912 869 2010 Regula
886 1917 1008 1992 nititur
1022 1938 1098 2013 cap.
1129 1919 1184 1988 De
1204 1914 1280 1992 isto,
1305 1913 1386 1994 Erat,
1416 1916 1470 1986 De
1487 1938 1522 1983 eo
1533 1962 1545 1998 ,
1560 1919 1618 2008 qm

680 2019 833 2107 cognovit
862 2013 1126 2110 consanguineam
1153 2013 1267 2085 uxoris
1293 2013 1384 2103 sue,
1410 2015 1510 2114 quod
1537 2023 1620 2086 Ase-

567 2117 690 2185 arandrr'
706 2117 775 2185 111.
796 2115 998 2210 responsum
1021 2108 1079 2192 est.
1109 2159 1131 2207 „·
1149 2172 1170 2207 ,‚
1196 2113 1254 2191 De
1279 2117 1341 2191 isio
1359 2116 1377 2201 (
1389 2109 1525 2208 inquit)
1551 2119 1616 2211 qui

564 2218 722 2318 uxorem
747 2214 891 2298 fratris,
917 2231 1106 2310 antequam
1135 2220 1166 2290 ei
1198 2217 1430 2297 niatrimonio
1449 2218 1614 2310 jungere,

567 2325 647 2398 tut,
671 2312 704 2390 se
728 2311 913 2411 proposuit
940 2312 1171 2412 cognovisse:
1198 2311 1486 2407 Respondemus,
1512 2303 1613 2409 quod

566 2411 629 2493 nist
655 2412 727 2489 hoc
750 2414 959 2509 pubiicum,
982 2415 1019 2490 &
1039 2418 1221 2490 notorium
1244 2412 1371 2499 fuerit,
1395 2429 1455 2488 aut
1477 2411 1613 2493 idoneis

566 2513 712 2590 testibus
733 2515 1009 2608 comprobatum
1023 2563 1033 2594 ‚
1048 2515 1250 2601 praedictum
1264 2517 1530 2591 matrimonium
1548 2538 1614 2591 oc·-

566 2609 707 2688 cafione
729 2611 785 2688 illa
806 2612 918 2710 ipsum
943 2617 1115 2710 impetere
1132 2636 1205 2688 non
1231 2616 1410 2710 permittas
1431 2654 1453 2703 „1
1473 2668 1507 2702 „.

568 2776 573 2798 τ
616 2707 662 2790 Et
688 2735 762 2809 cap.
789 2718 977 2806 Superas,
1005 2715 1106 2807 quod
1129 2714 1179 2790 est
1200 2706 1358 2795 Coesessana'
1372 2716 1440 2787 111³
1467 2712 1612 2810 respons.

565 2797 642 2887 sum
661 2812 742 2887 eod.
768 2815 820 2887 tit·
840 2850 895 2905 „„
920 2812 1033 2911 Super
1058 2839 1103 2889 eo
1125 2809 1288 2908 (inquit)
1314 2812 1414 2909 quod
1433 2809 1635 2909 posiuiasa.

564 2925 685 2987 utrum
707 2914 951 3008 conjugatus,
975 2918 1036 3007 qui
1064 2930 1147 2989 ante
1170 2915 1394 2990 contractum
1424 2917 1614 2988 matrimo-

563 3012 686 3094 nium,
701 3016 822 3087 unoria
842 3013 907 3089 suae
925 3015 1223 3111 consanguineam
1239 3014 1365 3089 carnali
1378 3017 1613 3087 commixtio-

561 3130 611 3200 ne
641 3113 844 3206 cognovit,
867 3137 952 3189 cunr
985 3115 1019 3188 id
1044 3114 1189 3190 fateatur
1218 3132 1394 3207 uterque,-
1422 3115 1456 3185 dc
1495 3113 1610 3207 aliqua

564 3229 643 3303 pars
665 3212 800 3287 vicinia
821 3199 1098 3289 hoc‘acciamare
1120 3211 1330 3297 dicatur,sst
1350 3214 1393 3284 ab
1413 3233 1526 3286 uxore
1551 3215 1608 3288 sua

560 3307 696 3403 judicio
719 3308 876 3387 Ecclesiae
896 3311 1125 3408 separandus:
1146 3334 1215 3389 tuae
1229 3312 1432 3394 fraternitati
1461 3310 1607 3407 respon-

560 3409 697 3486 demus.
727 3408 840 3502 Quod
859 3429 1005 3507 propter
1019 3417 1145 3487 eorum
1166 3406 1420 3487 consessionem
1443 3423 1603 3504 tantum,

559 3506 616 3581 'rel
639 3532 821 3586 rumorem
844 3514 1006 3594 vicinia,
1029 3511 1171 3608 separari
1193 3533 1268 3582 non
1290 3510 1445 3595 debent3
1464 3531 1548 3584 cum
1566 3510 1604 3584 da

559 3608 777 3707 quandoque
803 3611 966 3687 nonnulii
994 3614 1084 3684 inter
1114 3610 1145 3683 se
1176 3623 1301 3702 contra
1334 3610 1605 3684 matrimonium

556 3704 672 3792 veiint
692 3708 872 3784 cosiudere
898 3707 962 3783 ,ἃ
984 3710 1026 3783 ad
1054 3706 1309 3785 confessionem
1336 3705 1485 3781 incestus
1501 3707 1603 3780 facile

554 3805 783 3979 prosilirent.
808 3805 832 3882 sr
861 3807 922 3883 suo
959 3810 1093 3904 judicio
1123 3809 1307 3883 crederent
1337 3830 1398 3902 per
1431 3805 1602 3895 judicium

589 3904 717 3998 celena
740 3906 1036 3982 concurrendum.
1065 3905 1206 3983 Rumor
1231 3925 1350 4000 autem
1374 3907 1508 3980 'ricinia‘
1524 3912 1610 3985 nons

555 4001 646 4095 adeo
675 4006 724 4079 est
742 4008 951 4095 judicandus
974 4006 1130 4083 validus,
1150 4007 1250 4101 quod
1271 4006 1331 4081 nisa
1352 4006 1601 4089 rationabiles,

557 4100 593 4172 da
622 4100 690 4176 side
723 4103 842 4199 dignae'
875 4110 1106 4203 probationes
1135 4106 1334 4194 accedant,
1367 4102 1470 4202 possit
1511 4105 1602 4181 bene

555 4204 778 4281 contratium
805 4209 1074 4285 matrimonium
1108 4208 1233 4284 irritari
1258 4252 1326 4299 „„.

1405 4482 1551 4605 ,ita-
