3700 5425
538 584 607 692 ur
634 536 822 676 nenena
843 587 889 695 aa
913 548 1085 702 anna,
1246 585 1343 711 graf
1413 639 1419 653 ·

299 756 460 848 intraturi
481 754 558 831 sunt
585 759 679 832 enim
701 755 745 835 ad
767 754 867 839 taedia
880 811 891 842 ,
905 756 957 833 ad·
969 777 1150 837 murmura
1163 810 1173 841 ,
1188 753 1232 832 ad
1252 763 1353 847 ama,¹
1386 822 1389 827 .

303 856 493 935 citudinem
508 859 551 929 ad
565 855 763 932 eversiones
775 877 786 944 ;
800 859 880 958 quia
893 881 968 943 non
983 857 1032 945 eil
1043 856 1173 933 domus
1194 878 1351 952 comooq

306 959 366 1034 sata
379 1012 388 1040 ,
402 957 463 1030 ubi
473 958 561 1034 inter
579 960 714 1034 virum,
729 958 765 1036 a
781 979 932 1033 uxorem
946 979 1015 1049 pax
1030 956 1121 1033 nulla
1136 957 1184 1032 rsl
1195 977 1206 1043 3
1219 958 1255 1031 sc
1272 980 1352 1035 me.

306 1059 372 1134 lius
396 1055 443 1137 illi
464 1056 513 1138 est
538 1055 631 1129 suras
654 1059 849 1132 circumire.
877 1055 912 1130 Si
926 1080 1015 1152 ergo
1040 1058 1151 1131 miseri
1177 1056 1351 1151 sunt‚qul

307 1178 391 1234 cum
423 1155 629 1250 redeuntad
649 1159 796 1252 parietes
818 1153 922 1240 suos,
945 1158 1072 1249 timent
1088 1202 1097 1233 ‚
1111 1179 1158 1249 ue.
1175 1155 1352 1253 aliquibus

306 1257 450 1334 suorum
487 1257 810 1352 perturbationibus
829 1264 1039 1338 ‘evertantur
1063 1271 1074 1341 ς
1101 1254 1238 1351 quanto
1270 1256 1352 1359 sunt

308 1353 525 1451 miseriores,
544 1357 606 1451 qui
625 1356 667 1429 ad
679 1356 932 1431 conscientiam
951 1350 1045 1431 suam
1064 1357 1178 1429 redire
1190 1355 1350 1444 nolunt,

308 1448 353 1539 ne
374 1456 421 1527 ibi
435 1454 551 1544 litibus
575 1470 804 1548 peccatorum
824 1453 1050 1530 evertantur?
1074 1450 1169 1549 Ergo
1186 1467 1227 1530 ut
1243 1453 1352 1554 polla

310 1554 421 1642 libens
448 1553 559 1628 redire
580 1554 624 1629 ad
648 1576 712 1650 cor
739 1570 863 1640 tuum,
882 1554 1015 1635 munda
1038 1551 1122 1629 iliud
1150 1602 1220 1644 „„.

360 1652 405 1720 Et
419 1650 518 1742 Epis.
538 1671 619 1746 151„
635 1655 717 1722 olias
729 1669 813 1750 259.
839 1710 860 1743 „
871 1709 892 1745 „
918 1651 1114 1741 Hortendis
1128 1650 1145 1745 (
1159 1653 1267 1748 inquit
1279 1649 1299 1747 )
1311 1653 1355 1737 ὃς
1476 1705 1478 1709 «

308 1752 829 1849 poenalinusrenebrir‚omnes
849 1776 924 1841 non
943 1768 1083 1831 tantum
1095 1774 1250 1829 carceres
1269 1751 1351 1849 ,secl

310 1857 414 1931 etiarn
439 1851 571 1937 inseror
586 1855 696 1927 vincit
709 1852 860 1932 scelerati
873 1851 1028 1932 hominia
1044 1850 1258 1929 conscientia
1276 1908 1299 1945 „
1312 1898 1352 1944 „q

359 1948 418 2026 De
443 1950 542 2026 masae
567 1953 788 2032 conscientie
808 1975 915 2046 poena
936 1950 1164 2047 intelligenda
1190 1950 1269 2030 sunt
1293 1952 1353 2047 isla

310 2046 382 2126 Dei
397 2054 499 2139 verba
513 2051 821 2147 primosratricr'dae
835 2051 947 2131 Caino
959 2051 1044 2127 ditia
1056 2074 1067 2149 ³.
1080 2057 1135 2120 Sirr
1146 2069 1255 2122 autem
1266 2052 1354 2122 narse.

311 2153 330 2243 (
342 2155 453 2245 egetis
465 2142 596 2231 lslarsrrr
613 2148 784 2239 lusoribus
796 2170 960 2241 peccatam
981 2154 1101 2225 aderit,
1115 2155 1222 2236 (Gen.
1240 2172 1275 2246 4.
1288 2147 1356 2246 7.)

311 2248 370 2328 De
381 2248 446 2325 hac
461 2251 595 2344 peccati
606 2275 713 2349 poena
732 2247 882 2348 nJoan.
896 2248 1171 2348 chrysostomus
1190 2249 1374 2353 concio„
1458 2346 1462 2353 ι

313 2374 357 2426 ne
370 2346 468 2428 1.De
484 2348 633 2432 Lazaro·
652 2409 674 2443 ‚‚
688 2407 710 2442 „
740 2357 939 2447 Antequam
958 2346 1125 2443 linquit)
1142 2353 1211 2429 illic
1228 2355 1356 2449 punia-
1465 2429 1479 2435 ,,

311 2464 390 2530 tur,
404 2452 473 2543 iam
493 2474 608 2544 nunc,
622 2454 681 2549 qni
695 2452 859 2547 improbe
879 2466 1013 2551 agunt,
1029 2465 1136 2547 atque
1150 2455 1185 2524 in
1197 2451 1355 2548 precaria

312 2552 436 2624 vivunt
450 2599 459 2630 ,
473 2553 678 2643 puniuntur.
696 2551 775 2625 Nec
789 2553 883 2633 enirn
895 2540 984 2624 mihi
997 2552 1124 2642 dixeris
1137 2551 1235 2626 illurn
1250 2564 1353 2627 mem
1478 2645 1480 2648 Α

311 2648 343 2725 sa
373 2647 573 2744 sumptuosa
597 2648 686 2725 frui,
705 2651 853 2726 reslibur
879 2650 1087 2728 circumdari
1102 2650 1236 2733 sericis,
1252 2670 1352 2727 man·

312 2752 491 2843 cipiorum
511 2772 638 2845 greges
664 2750 888 2826 circumferre
909 2804 919 2834 ,
955 2752 1042 2829 alios
1068 2749 1278 2826 submovere
1314 2754 1354 2830 in

311 2849 393 2923 soro
409 2848 485 2938 ;sed
505 2852 640 2938 explica
663 2850 748 2922 mihi
770 2849 863 2923 iliius
888 2849 1168 2933 conscientiam,
1193 2852 1230 2924 Sa
1258 2850 1355 2939 vide„
1440 2902 1445 2912 -

312 2950 364 3025 bis
383 2950 474 3021 intus
488 2966 872 3040 gravemneccatorum
885 2950 1258 3042 tumultumdugum,
1278 2973 1354 3037 me·,
1484 3000 1492 3006 -

313 3062 392 3120 tum
413 3099 423 3129 ,
444 3046 710 3140 tempestatem,
737 3048 973 3121 turbationem
1000 3067 1013 3133 3
1038 3048 1167 3122 videbis
1191 3050 1287 3124 velut
1315 3052 1356 3130 in

315 3145 450 3238 jndicio
466 3162 623 3220 mentem
639 3145 683 3219 ad
695 3144 865 3226 thronum
884 3144 1357 3224 conscientiaeconscendilse

313 3245 490 3339 regalem,
511 3247 724 3338 &tanquam
755 3245 1123 3340 iudicemquempiam
1145 3244 1352 3344 sedentem,

275 3359 277 3368 ’
315 3346 598 3440 &cogitationes
616 3346 699 3420 loco
716 3343 1153 3421 carnificumadhibentem
1167 3348 1225 3430 ,in
1238 3368 1356 3440 equuq

313 3446 371 3521 leo
399 3446 692 3539 suspendentem,
719 3444 894 3536 lateraque
921 3444 1148 3524 conscientiae.
1172 3446 1358 3534 radentem

313 3545 455 3638 ungulis
483 3599 492 3628 ,
517 3568 583 3640 pro
606 3540 796 3634 commissas
821 3542 1051 3619 vehementer
1075 3546 1354 3630 inclamantem,

315 3667 398 3720 cum
423 3667 530 3717 nemo
551 3643 650 3727 sciat,
670 3642 733 3718 nist
758 3642 862 3741 quod
891 3642 984 3719 solas
1009 3640 1108 3720 Deua
1134 3643 1210 3724 hac
1237 3643 1363 3719 ridere

314 3747 463 3817 noverit.
491 3740 627 3819 Eteru'm
657 3747 717 3836 qui
741 3745 937 3817 committit
961 3740 1174 3818 adulterium
1192 3791 1203 3820 2
1223 3741 1360 3832 etiamsi

315 3844 437 3920 millies
467 3845 569 3917 suerit
600 3844 695 3920 dives
715 3890 724 3917 ‚
743 3841 874 3915 etiamsi
900 3840 1039 3917 nullom
1063 3840 1189 3919 habeat
1218 3843 1359 3922 accos'a·

316 3959 432 4015 torem
455 3995 465 4025 ‚
489 3966 565 4015 non
587 3940 710 4014 definit
733 3958 850 4016 tarnen
879 3944 973 4036 intus
997 3940 1140 4037 seipsum
1165 3942 1325 4018 accusare
1342 3967 1359 4035 ς.

317 4041 354 4114 &
381 4041 541 4137 voluptas
562 4039 706 4135 quidem
720 4045 930 4136 temporaria
953 4039 1025 4125 esi,
1048 4041 1154 4115 dolor
1174 4064 1257 4116 vero
1280 4033 1364 4139 per-2

316 4155 461 4234 petnur,
490 4138 598 4212 timor
621 4140 799 4232 undique,
822 4164 862 4214 ac
881 4156 1035 4225 treoror,
1052 4138 1218 4235 suspicio,
1237 4143 1273 4213 ἃ
1296 4163 1359 4224 am

316 4241 450 4320 xietar,
473 4243 678 4334 angiportus
707 4241 860 4321 metuit',
883 4242 1023 4316 umbras
1055 4239 1139 4333 ipsas
1166 4238 1361 4337 tormidet,

316 4335 394 4412 suos
420 4335 522 4431 ipsius
543 4336 713 4421 famulos,
736 4339 923 4424 conscios,
948 4338 1071 4414 inscios
1086 4393 1096 4424 ,
1113 4338 1205 4413 illarn
1219 4337 1358 4438 ipsam„

318 4460 424 4534 quam
448 4444 626 4529 corrupit,
648 4438 681 4509 ria
697 4441 812 4514 virum
828 4481 836 4511 ‚
851 4461 960 4533 quem
985 4438 1101 4513 affecit
1120 4436 1363 4548 contumeliaq

319 4535 524 4641 qbambulat
550 4559 710 4641 amarum
737 4537 1370 4715 aqcusqtoreqacuqunrteresgiaegoqa.
1443 4613 1448 4624 s
