3700 5425
440 639 442 646 ·
534 567 644 685 '620
713 581 872 681 Theos.
897 578 1014 699 Dog.
1044 585 1086 676 &
1113 500 1267 682 Morti
1292 518 1389 678 Lib,
1418 581 1502 680 111.
1582 604 1600 675 ἡ

615 748 681 838 Vs.
710 741 841 857 Neque
872 762 977 834 etiam
1006 754 1099 833 hanc
1132 753 1306 853 Regulam
1327 758 1552 839 concutiunt
1582 764 1616 834 s.

548 855 704 941 'Hieron
718 862 824 935 verba
837 903 847 937 2
859 855 924 956 Ep,
938 864 994 950 89.
1005 855 1051 934 ad
1063 861 1095 925 S·
1108 854 1241 950 August,
1253 856 1431 934 scribentis
1445 882 1456 934 τ
1468 915 1491 951 ,,
1503 902 1527 953 ,,-
1544 859 1616 939 sio·

560 970 649 1038 num
665 960 714 1037 est
727 961 946 1035 continentia
959 1014 969 1044 ,
983 957 1116 1033 malunt
1129 956 1178 1033 est
1193 956 1349 1043 luxuria,
1364 962 1456 1035 inter
1468 976 1612 1039 utrum·

559 1084 632 1159 que
647 1057 848 1134 indifferent
866 1057 1071 1143 ambulare,
1092 1058 1216 1151 capitis
1236 1059 1376 1135 naribur
1390 1078 1610 1156 purgamen·

558 1167 594 1237 ta
618 1159 898 1259 projicete‚&c.
924 1156 998 1234 hoc
1025 1159 1268 1241 necbonum,
1288 1159 1613 1248 necmaluru3srre

558 1263 655 1337 enirn
679 1259 821 1344 seceris,
840 1254 996 1334 drenon
1015 1256 1156 1340 seceris,
1173 1278 1240 1333 uec
1260 1256 1426 1350 justitiam
1438 1258 1611 1344 habebis,

558 1373 628 1435 nec
649 1356 851 1454 injustitiam
872 1406 936 1448 ,‚,‚.
965 1354 1030 1432 His
1052 1358 1146 1433 enim
1171 1359 1285 1431 verbis
1297 1358 1333 1433 id
1349 1381 1462 1434 unum
1476 1356 1611 1455 srgnisi.

558 1475 617 1535 cat
629 1464 662 1527 S·
677 1462 816 1528 Hieron.
830 1455 945 1552 aliqua
954 1455 1021 1531 eise
1029 1473 1161 1550 opera,
1179 1478 1259 1553 quae
1277 1456 1405 1534 nuliius
1425 1463 1607 1537 momenti

558 1558 640 1634 sunt
661 1555 705 1633 ed
723 1555 866 1633 salutem
883 1556 944 1642 ,te
961 1578 1041 1652 quae
1059 1552 1181 1632 utfine
1195 1558 1323 1632 merito
1344 1554 1439 1643 sieri,
1465 1564 1514 1636 ita
1538 1558 1610 1638 sint

473 1722 475 1726 .
558 1656 674 1734 salutis
696 1671 833 1733 aeterne
855 1657 1013 1750 periculo
1036 1652 1181 1751 possunt
1197 1658 1325 1732 omitti.
1365 1654 1482 1739 Istius.
1497 1681 1611 1753 porro

557 1759 697 1856 generis
712 1779 787 1832 non
804 1753 902 1833 ruisse
919 1758 1043 1831 veterio
1061 1752 1166 1852 Legis
1177 1758 1405 1833 caeremoniae
1416 1757 1498 1853 posi
1509 1782 1610 1836 mor·

558 1868 633 1935 tem
663 1854 824 1940 Christi,
850 1854 907 1930 sed
954 1854 1217 1932 observantibus
1251 1856 1461 1953 perniciosae
1494 1852 1606 1937 fuisse.

556 2012 615 2050 Μ,
640 1952 681 2031 ld
695 1953 782 2054 quid
796 1953 878 2030 reiis
892 1953 1032 2039 dicere,
1049 1952 1121 2029 fine
1145 1952 1214 2031 uisa
1233 1954 1347 2033 saiutia
1373 1954 1599 2046 necestitate,

556 2069 634 2132 non
662 2052 739 2130 satit
761 2053 937 2151 intelligo·
962 2053 998 2131 Si
1020 2057 1115 2129 enim
1142 2052 1286 2130 salutem
1319 2078 1394 2132 non
1422 2056 1608 2141 afferunt·

559 2174 624 2234 cut
650 2152 904 2256 observantur?
928 2152 964 2230 Si
980 2172 1100 2231 autem
1119 2152 1334 2231 observanda
1354 2156 1459 2236 sunt.
1479 2162 1606 2258 utique

554 2254 701 2332 salutent
723 2254 875 2331 afferunt
896 2300 905 2327 2
934 2257 1090 2330 maxime
1108 2276 1188 2354 quae
1213 2255 1393 2331 observata
1424 2254 1606 2358 Martyres

553 2354 699 2431 faciunt·
727 2354 814 2431 Non
835 2355 929 2427 eninr
958 2353 1248 2439 observarentur,
1272 2354 1333 2431 nisi
1358 2354 1527 2436 afferrent
1556 2359 1607 2438 sa·

553 2453 677 2531 sutem·
704 2453 833 2551 Neque
853 2456 948 2528 eninr
970 2452 1203 2529 indifferentia
1224 2454 1302 2530 sunt
1322 2457 1414 2532 inter
1436 2457 1605 2547 bouum,

554 2557 592 2631 δι
616 2553 779 2639 maium,
810 2552 897 2628 sicut
918 2552 1122 2647 Philosophi
1147 2552 1355 2649 disputant3
1382 2557 1524 2634 bonum
1553 2559 1604 2637 est

553 2656 794 2731 continentia,
814 2652 947 2729 maium
972 2652 1021 2730 est
1045 2653 1193 2733 luxuria.
1227 2655 1601 2757 interutrumqueiu·

552 2752 718 2830 differens
739 2754 943 2838 ambulare,
975 2755 1036 2829 &c
1061 2811 1083 2847 ‚,
1101 2809 1135 2845 „.
1159 2750 1245 2832 Hoc
1269 2754 1445 2833 duntaxat
1480 2758 1602 2843 sensu.

553 2877 662 2950 opera
678 2855 839 2945 quedam
851 2853 1086 2930 indifferentia
1101 2859 1131 2923 S,
1143 2858 1282 2935 Hieron.
1296 2858 1478 2953 agnoscit,
1499 2860 1603 2956 quod

551 2956 680 3031 nullius
706 2957 881 3029 momenti
909 2951 977 3028 first
999 2956 1042 3028 ad
1068 2954 1233 3033 salutem.
1261 2957 1342 3049 quia
1368 2956 1406 3032 dc
1430 2955 1506 3034 fine
1525 2985 1601 3037 rne-

551 3058 622 3130 rito
646 3054 740 3138 fieri,
757 3052 873 3128 &stne
893 3074 1064 3148 peccato,
1083 3068 1189 3152 atque
1202 3056 1359 3151 pericuso
1382 3056 1499 3134 tatutis
1520 3060 1603 3158 poi·

549 3154 633 3230 sunt
653 3156 796 3242 omitti3
821 3152 970 3228 sednon
993 3151 1107 3228 asserit
1131 3154 1333 3249 hujusmodi
1357 3177 1488 3255 opera,
1514 3183 1601 3240 curn

550 3255 737 3330 deliberate
771 3252 862 3329 siunt
888 3309 898 3339 ,
929 3252 952 3327 ir
980 3255 1024 3329 ad
1055 3255 1161 3328 finem
1184 3254 1400 3331 honestum»
1422 3259 1463 3333 dr
1498 3263 1600 3338 resia

547 3357 677 3429 rationi
700 3355 995 3436 convenientem,
1016 3356 1051 3429 δι
1075 3354 1119 3428 ad
1142 3352 1249 3431 finem
1274 3358 1439 3433 ultimum
1461 3363 1599 3439 virtute
1646 3359 1648 3368 ‘

548 3453 667 3529 saitem
694 3476 767 3528 non
799 3453 1017 3538 reserantur,
1041 3455 1098 3527 sed
1122 3470 1271 3551 propter
1293 3454 1401 3532 solam
1423 3460 1598 3538 volunta·

547 3565 621 3628 tem
642 3551 749 3636 fiant,
769 3576 787 3625 a
803 3570 952 3648 peccato
969 3552 1110 3649 prorsus
1127 3558 1298 3632 immunia
1312 3552 1390 3637 effe.
1419 3561 1456 3635 S.
1473 3580 1596 3640 autem

546 3647 683 3745 August.
711 3649 939 3752 Hieronymo
962 3652 1175 3750 respondens
1196 3654 1325 3733 fatetur
1343 3654 1494 3753 quidem
1525 3685 1596 3738 cre·

546 3755 726 3827 remonias·
749 3750 820 3826 ilias
849 3776 916 3831 nec
942 3755 1053 3829 bonas
1080 3749 1199 3836 suisie,
1218 3777 1286 3831 nec
1305 3756 1432 3839 malas,
1462 3758 1592 3839 sedeo

544 3849 641 3928 sensu
657 3850 917 3934 indifferentes,
934 3853 1035 3952 quod
1054 3876 1120 3929 uec
1134 3854 1319 3930 hominem
1336 3856 1592 3951 justificarent,

542 3973 611 4027 nec
633 3966 753 4027 tamen
785 3973 885 4029 reum
908 3951 1084 4039 iacerent,
1103 3957 1185 4050 quia
1205 3972 1305 4031 erant
1333 3978 1353 4032 a
1386 3954 1474 4036 Deo
1508 3984 1596 4056 prae·

543 4064 667 4149 cepte·
694 4106 747 4142 „„
776 4048 852 4128 Cur
869 4068 989 4129 autem
1013 4074 1088 4128 non
1109 4053 1246 4139 dicam,
1289 4072 1440 4152 raecepta
1460 4059 1519 4137 illa
1534 4085 1595 4136 re.

542 4164 661 4226 terum
686 4150 997 4229 Sacramentorum
1027 4176 1095 4229 nec
1119 4157 1214 4230 bona
1237 4077 1422 4262 effeffluia
1452 4165 1594 4239 noneie

541 4247 707 4326 homines
731 4250 995 4346 justificantur3
1022 4256 1157 4329 umbrae
1191 4256 1288 4330 euim
1320 4253 1399 4332 sunt
1424 4279 1591 4354 praenun-

541 4351 667 4425 tiantes
689 4352 861 4445 gratiam,
887 4373 959 4450 qua
975 4351 1222 4446 justificamur3
1242 4376 1309 4429 nec
1329 4370 1451 4434 tamen
1478 4363 1591 4442 masa,

541 4450 623 4544 quia
651 4448 818 4525 divinitus
843 4465 1018 4549 praecepta
1046 4451 1128 4529 sunt
1157 4452 1243 4546 „„i
1273 4451 1410 4533 Verum
1428 4480 1510 4535 non
1536 4484 1593 4556 pa-

411 4647 417 4657 *
539 4550 626 4627 titur
658 4552 692 4619 s.
712 4545 849 4644 August·
877 4568 918 4631 ut
945 4572 1056 4651 opera
1092 4554 1255 4651 quaedam
1281 4551 1592 4658 Philosophorum

1459 4659 1542 4742 seu·
