3700 5425
510 536 580 631 De
606 537 794 629 Pectatia
820 523 1058 651 ingenerel
1217 539 1304 647 ,607
1388 586 1393 593 ·

256 710 328 814 ipit
348 731 496 810 quoque
523 708 708 807 delestatio
733 711 1085 804 mortalepeccatum
1109 709 1205 790 etit,
1231 708 1303 787 five

256 837 350 913 opus
368 812 453 888 illud
474 811 518 885 ab
541 814 691 906 ipl'omet
706 858 715 888 2
731 808 802 887 five
826 813 869 886 ab
891 811 952 887 illo
979 805 1204 886 commiilum
1228 810 1302 886 iae·

256 921 326 993 tit,
352 929 412 989 aut
432 909 748 1004 committendum.
791 908 894 986 Aliud
914 911 963 986 est
985 910 1214 986 nihilominus
1238 909 1301 984 de·

257 1013 376 1088 letlati
398 1012 443 1084 de
465 1013 578 1086 modo
600 1012 694 1084 atius
715 1064 725 1094 ,
746 1006 840 1085 aliud
860 1012 904 1084 de
927 1009 1002 1108 ipso
1029 1010 1107 1085 ailo
1125 1013 1301 1104 cogitato·

255 1110 359 1190 Licet
372 1114 467 1184 enim
481 1107 663 1184 mettano
676 1113 720 1184 de
731 1110 808 1184 atio
827 1113 990 1206 cogitato
1004 1128 1187 1204 peccatum
1204 1133 1300 1185 mot·

256 1214 328 1289 tale
349 1211 478 1286 centeri
501 1214 627 1282 debeat
643 1233 654 1301 3
668 1232 742 1283 non
763 1225 882 1284 tamen
903 1209 1086 1286 delectatio
1114 1208 1159 1287 de
1183 1208 1299 1285 modo

254 1310 375 1388 allos.
401 1309 542 1407 potade
568 1308 733 1384 indolltia
752 1307 858 1393 litiis,
880 1307 937 1384 vel
956 1308 1240 1396 homicidae,aot
1254 1313 1300 1387 de

257 1415 426 1506 ingemo,
441 1413 476 1482 &
486 1410 617 1482 artibus
629 1410 783 1483 hominis
797 1408 980 1505 moliegem
993 1410 1171 1502 impudice
1182 1433 1300 1485 aman·

258 1518 323 1594 tis,
342 1529 382 1584 ot
407 1531 447 1582 ea
470 1509 624 1591 liuntur,
646 1529 708 1605 pet
737 1506 770 1582 le
792 1509 943 1583 mortale
965 1508 1101 1602 semper
1113 1523 1301 1607 peccatum

258 1611 334 1684 eli>
358 1610 530 1682 lilortum
552 1605 664 1705 ipsum
689 1662 699 1693 ,
719 1605 955 1684 homicidium
980 1658 990 1691 ‚
1012 1609 1221 1694 fornicatio,
1248 1607 1304 1684 vel

257 1708 495 1792 adulterium,
516 1707 681 1783 limtliave
694 1724 858 1803 peccata,
878 1731 961 1784 cum
984 1708 1136 1784 horrore
1156 1763 1168 1796 ,
1190 1707 1308 1784 acde-

211 1859 212 1865 w
258 1808 682 1983 telgationecogitentot,
700 1824 910 1896 narrentur,
933 1806 988 1885 tel
1002 1809 1046 1887 ab
1069 1807 1143 1887 aliie
1172 1821 1310 1887 narrata

258 1931 305 1986 Ru
331 1923 459 1984 limus»
1050 1951 1055 1964 ·
1238 1951 1241 1957 ·

572 2084 997 2174 nantino
1138 2188 1141 2193 ,

260 2252 338 2347 Qui
354 2250 544 2330 delemtur
565 2255 785 2349 cogitatione
805 2255 923 2350 operis
936 2248 1057 2345 ‚qood
1072 2249 1206 2329 licitum
1218 2248 1308 2329 olim

310 2353 374 2450 ipit
391 2354 482 2437 fuit,
500 2371 560 2428 aut
574 2353 766 2449 aliquando
783 2354 920 2432 licitum
934 2356 1000 2427 erit
1011 2376 1022 2444 ;
1035 2350 1091 2428 led
1108 2369 1226 2430 tamen
1246 2351 1306 2426 ha·

260 2474 263 2479 ·
310 2459 382 2529 bita
402 2453 576 2552 praesentis
590 2454 695 2530 statos
718 2455 856 2531 tatione
880 2454 1041 2529 illicitum
1068 2454 1136 2540 est,
1156 2453 1306 2529 &mot·
1442 2518 1444 2523 .

311 2555 380 2630 talc
397 2605 403 2629 .
418 2572 605 2650 peccatum
618 2551 745 2631 lethale
757 2556 964 2632 committit.

264 2713 417 2876 Cum
437 2715 533 2786 enim
553 2709 737 2789 deletlatio
752 2713 913 2809 sequatur
926 2715 1173 2810 operationem
1186 2756 1195 2787 ‚
1207 2709 1307 2802 cujus
1325 2671 1512 2830 gfgmi'

371 2813 477 2886 veluti
494 2816 767 2888 condimentum
784 2815 858 2901 ell3
875 2817 911 2887 ἃ
941 2837 1055 2910 opus,
1075 2819 1120 2888 de
1143 2834 1219 2909 qoo
1246 2834 1310 2887 co·
1326 2828 1383 2899 no.

266 2929 400 3009 gitatur
415 2959 422 2984 ‚
440 2911 482 2984 lit
511 2935 548 2983 m
574 2917 749 3003 praelmtia
773 2913 932 2987 illicitum
952 2958 961 2987 ‚
986 2916 1022 2988 &
1046 2913 1124 3006 lege
1151 2911 1312 3007 prohibi·

265 3028 365 3095 tom,
382 3028 488 3107 atque
507 3014 676 3088 mortale,
691 3017 864 3106 cogitatio
878 3013 923 3086 tle
937 3011 1011 3108 ipio
1031 3031 1159 3105 opere,
1176 3025 1314 3182 utlprae·

266 3114 353 3188 lenti
370 3166 381 3195 ,
406 3120 530 3205 pa'nter
552 3112 702 3185 mortale
722 3130 909 3207 peccatum
926 3113 997 3200 ell3
1014 3113 1198 3207 ptaeiertim
1250 3132 1314 3185 co-

269 3221 398 3307 gitatio
415 3211 618 3306 hujulmodi
633 3215 853 3306 cogitantem
868 3229 1029 3304 exponat
1051 3210 1209 3307 periculo
1230 3230 1323 3304 pec·

269 3313 449 3387 catinunc
473 3315 733 3387 committendi·
759 3316 817 3389 Sic
834 3311 1003 3409 l'ponl'ot,
1028 3314 1064 3385 ἃ
1091 3307 1318 3406 l'poniaopos

269 3411 460 3506 conjugale
487 3410 647 3488 loturum
671 3460 682 3494 ,
707 3412 864 3499 viduos,
891 3412 929 3485 &c
969 3414 1072 3486 vidua
1102 3413 1319 3508 praeteritum

269 3531 391 3588 mente
434 3510 652 3604 volventes,
684 3514 720 3587 &
753 3518 827 3608 ejus
869 3509 964 3610 quafi
1008 3510 1178 3605 praesentis
1223 3509 1321 3584 dele·

270 3614 424 3688 statione
456 3617 614 3688 animum
650 3612 827 3706 pascentes
856 3657 865 3685 2
913 3615 1070 3687 mortalis
1098 3615 1234 3708 peccati
1265 3612 1315 3685 tei

267 3715 370 3804 l'unt5
386 3716 540 3786 maxime
557 3734 640 3787 cum
656 3711 862 3807 hujol'modi
879 3711 1072 3806 voluptatis
1097 3711 1319 3785 recordatio·
1338 3767 1342 3774 .

269 3835 339 3895 ne,
358 3830 417 3886 aot
432 3811 703 3907 praegustatione
731 3811 884 3912 quadam
898 3861 908 3892 ,
922 3811 1006 3887 licet
1019 3813 1240 3905 cogitatione
1278 3810 1316 3885 ὃς

269 3910 524 3996 alemannus,
543 3913 692 3987 nefarios
726 3918 760 3988 in
779 3913 812 3988 le
830 3912 982 3988 libidinis
1005 3930 1124 3988 motus
1137 3913 1314 3994 excitant,

269 4015 310 4084 ἃ
330 4011 487 4106 periculo
505 4011 712 4106 pollutionis
734 4013 766 4090 it
786 4032 989 4110 exponunt·
1017 4012 1115 4088 idem
1134 4012 1208 4087 esto
1223 4013 1317 4105 judi·
1416 4035 1419 4047 ·

274 4114 373 4186 cium
392 4113 436 4185 de
457 4114 605 4196 marito,
624 4116 724 4208 cujus
738 4137 856 4191 uxot,
878 4132 939 4190 aot
961 4114 1007 4190 de
1028 4137 1143 4190 uxore
1170 4167 1180 4197 ‚
1215 4115 1317 4202 coion
1457 4130 1459 4134 ·

274 4218 419 4287 mantus
440 4214 490 4287 ell
512 4212 630 4287 abiens
653 4233 663 4293 3
694 4238 779 4311 com
805 4213 1053 4293 delttlationes
1074 4215 1139 4290 illae
1158 4213 1201 4288 ad
1225 4237 1318 4308 opto
1433 4226 1437 4239 ’·

275 4312 467 4424 coniugale
494 4337 579 4426 non·
602 4312 791 4410 disponant
812 4368 825 4402 ,
849 4314 887 4392 &
916 4317 956 4393 in
983 4311 1092 4393 limile
1122 4316 1320 4413 periculum

271 4433 475 4504 conpetunt
498 4427 708 4510 cogitantes·

276 4610 479 4707 Imm·
613 4694 623 4719 ,
793 4616 883 4715 Qq
1169 4615 1274 4699 Ra

1435 4705 1576 4820 ,ΙΙ
