3700 5425
429 567 499 657 De
537 558 804 656 sacramento
825 558 1122 667 Matrimonii*
1198 578 1311 679 an

260 765 358 822 mam
378 736 524 835 ingere.
557 736 614 811 est·
639 735 758 811 illicita
789 736 902 812 carnii
925 735 1087 816 incendia
1120 735 1306 819 declinate.

259 839 424 924 nititudo
447 861 532 913 veto
551 837 729 914 montium
749 835 798 909 est
821 836 994 917 munditia
1029 842 1291 921 continentium

258 937 330 1018 vet
351 956 446 1015 cette
466 934 560 1031 quau
583 939 619 1010 in
650 952 775 1015 monte
799 932 900 1021 sunt,
939 938 1001 1040 qui
1036 943 1142 1023 etiam
1178 895 1308 1022 cotnais

261 1039 402 1135 copula
426 1032 686 1116 inhaet'ent‚sed
700 1055 817 1110 tamen
839 1050 939 1112 extra
961 1034 1183 1132 suscipienda
1198 1038 1307 1133 proiit

262 1141 521 1220 admixtionem
536 1136 691 1215 debitam
703 1179 712 1208 2
724 1134 817 1216 uuila
831 1135 944 1213 carnia
964 1137 1151 1234 voluptate
1162 1137 1306 1215 solvam·

263 1257 331 1320 tut.
362 1237 402 1316 ln
416 1256 540 1320 moute
557 1239 691 1330 quippe
704 1233 884 1332 statequid
898 1235 969 1321 est.
981 1235 1042 1311 nisi
1057 1237 1208 1314 statium
1222 1261 1307 1335 pto·

260 1341 398 1437 paginis
416 1340 451 1411 in
472 1359 576 1412 came
596 1358 673 1413 non
695 1333 876 1431 quaetetoi
900 1332 944 1413 ln
979 1352 1105 1413 monte
1127 1336 1232 1421 state,
1256 1335 1307 1416 est

260 1442 357 1516 catni
382 1459 456 1511 non
483 1435 664 1518 carnaliter
675 1433 867 1513 adhaetete.
894 1432 963 1510 Sed
973 1437 1060 1533 qnia
1080 1434 1182 1512 multi
1202 1434 1306 1523 sunt.

260 1542 324 1636 qui
345 1535 470 1610 secieto
490 1533 633 1631 quidem
661 1536 774 1611 carnis
793 1529 957 1612 deserunt
985 1578 995 1610 ‚
1034 1558 1100 1613 nec
1121 1555 1238 1611 tamon
1268 1538 1307 1612 in

260 1639 437 1730 conjugio
466 1632 678 1732 postumius
694 1632 924 1711 solummodo
938 1635 1049 1710 debiti
1079 1633 1308 1727 ioraconiec·

262 1753 359 1815 tant.
388 1733 482 1818 Exiit
501 1735 647 1830 quidem
659 1730 755 1809 Loth
768 1732 966 1813 Sodomam
979 1788 989 1818 ,
1002 1732 1059 1810 sed
1074 1748 1194 1812 tamen
1215 1753 1307 1815 ntox

261 1837 307 1913 ad
327 1852 495 1910 montana
512 1855 586 1911 uon
609 1834 768 1928 pervenit
785 1834 892 1933 3quia
912 1834 983 1924 iam
1004 1833 1209 1914 damnabilia
1236 1837 1308 1912 vita

262 1933 497 2031 relinquitur,
526 1930 583 2006 sed
617 1932 736 2016 adbuc
767 1928 939 2012 celsitudo
963 1933 1160 2031 coniugalia
1189 1936 1310 2009 conti·

261 2039 391 2114 nentia
412 2031 578 2113 subtiiitet
599 2053 676 2112 non
700 2048 851 2109 tenena.
883 2027 939 2107 En
954 2055 1039 2109 vero
1057 2037 1095 2113 iu
1115 2033 1234 2108 medio
1247 2032 1310 2107 Sa·

264 2156 335 2230 gor
357 2134 498 2217 civitas,
513 2154 592 2229 qnae
603 2128 797 2225 fugientem
820 2129 924 2210 salvet
943 2130 1146 2221 infirmumt
1160 2136 1242 2229 quia
1258 2132 1310 2208 vi·

263 2233 392 2311 deiicet
419 2253 508 2307 cnm
532 2231 592 2306 sibi
611 2253 673 2328 per
689 2231 987 2310 incontinentiam
1005 2230 1195 2309 miscentur
1217 2255 1308 2306 con·

258 2332 387 2428 juges..
417 2329 585 2423 &lapsus
606 2328 773 2409 sceletum
801 2330 946 2424 sugiunt
968 2384 979 2415 ‚
1006 2332 1042 2407 u
1064 2348 1184 2407 tamon
1206 2334 1310 2411 venit

263 2432 448 2514 salvantur.
478 2428 1078 2532 Quatiparcamquippecivitatem
1098 2433 1309 2515 inveniunt.

261 2532 299 2611 in
319 2555 388 2628 qua
404 2533 449 2608 ab
471 2532 612 2626 ignibus
625 2528 983 2624 dei'endantoqquia,
1017 2529 1213 2625 coniugalia
1234 2527 1310 2610 haeu

263 2635 335 2706 vita
360 2654 434 2706 non
454 2630 599 2727 quidem
623 2631 658 2704 in
680 2630 865 2706 virtutibus
886 2630 976 2705 mita
993 2629 1062 2719 eii,
1076 2628 1134 2706 sed
1161 2646 1313 2714 tamena

261 2729 436 2830 suppliciis
465 2730 580 2805 secuta
606 2783 678 2813 ,,,,,

322 2832 489 2907 Eandem
511 2826 686 2926 Regnum
713 2827 901 2905 confirmat
924 2828 1037 2919 ,Jonas
1056 2826 1312 2906 Aurelianensis

259 2927 476 3050 Episcopus,
493 2926 550 3004 lib.
570 2949 604 3007 2.
624 2932 677 3000 De
695 2925 903 3005 Institutione
915 2928 1025 2999 laicali
1038 2984 1048 3014 ‚
1062 2952 1139 3036 cap.
1155 2940 1190 3006 6.
1210 2930 1315 3023 cujug

263 3029 323 3107 hic
343 3024 462 3105 titulus
482 3030 554 3105 est:
581 3084 606 3115 ,,
619 3078 646 3113 ‚‚
669 3026 783 3121 Quod
799 3053 881 3113 cum
896 3031 1070 3122 uxoribus
1086 3025 1310 3103 carniscom‘·
1414 3059 1421 3068 ·

263 3133 416 3208 mixtio,
438 3130 548 3225 gratia
570 3127 644 3203 fieti
668 3130 792 3203 debeat
818 3125 955 3224 proiis',
988 3151 1062 3203 non
1085 3127 1308 3223 voluptatist

263 3227 339 3329 Qui
358 3230 497 3315 aute-mi
508 3222 646 3322 inquit)
666 3229 762 3311 thori
794 3228 991 3325 coniugalis
1014 3228 1219 3323 pudicitiam
1243 3224 1310 3299 hu-

262 3331 455 3425 juscemodi
476 3329 743 3410 incontinentia
760 3332 864 3406 naetis
877 3328 1103 3411 ius'cauetint,
1127 3324 1162 3402 id
1176 3318 1314 3404 necesso

263 3434 335 3511 eli,
363 3429 576 3524 quotidianis
595 3427 895 3523 eleemosynarum
923 3425 1193 3523 largitionibus,
1220 3426 1311 3520 iugi

262 3529 330 3603 hus
345 3531 528 3623 precibus,
548 3529 767 3620 poenitentiae
785 3526 973 3628 lacrymis»
995 3527 1187 3610 &caetetit
1205 3525 1314 3603 bonit

263 3629 431 3724 operibus
452 3624 584 3709 diluere
612 3624 766 3720 satagant
785 3680 809 3712 ..
824 3674 864 3711 2..

312 3723 412 3804 idem
438 3727 546 3805 docet
564 3729 596 3802 S.
612 3724 751 3794 atomis
765 3729 803 3801 in
820 3748 857 3819 4.
873 3732 1017 3802 sentent.
1031 3723 1108 3807 dist·
1123 3740 1181 3816 3¹·
1192 3721 1313 3821 quaest·

261 3841 494 3908 mattam.
525 3821 684 3915 Quando
709 3825 868 3919 (inquo)
892 3827 1067 3920 coniugio
1089 3829 1314 3906 conueniunt

260 3924 360 4007 eausa
380 3922 487 4018 prolis
510 3924 1127 4017 procreandae‚veiuts1biinuicem
1150 3924 1315 4000 debitum

261 4022 410 4111 reddant
426 4076 436 4108 ‚
451 4021 554 4118 quod
572 4020 619 4106 ad
643 4023 749 4098 finem
767 4028 918 4118 pertinet
938 4079 948 4109 ‚
967 4024 1124 4110 totaliter¹
1142 4019 1313 4111 excnsan·

262 4138 353 4198 tuta
377 4140 539 4218 peccato.
567 4124 612 4193 lit
631 4120 720 4210 infra
736 4147 747 4209 i
761 4122 802 4209 Et
818 4125 900 4199 ideo
927 4123 1072 4210 duobus
1097 4121 1176 4197 solis
1193 4119 1314 4196 modia

261 4222 435 4316 coniuges
460 4221 590 4314 absque
613 4226 715 4299 omni
734 4241 883 4319 peccato
904 4222 1127 4299 conveniunt
1148 4240 1159 4307 ;
1183 4218 1317 4299 scilicet·

262 4321 361 4409 obuio
373 4322 480 4413 prolis
496 4322 746 4416 procreanda,
763 4324 798 4397 δι
815 4320 924 4398 debiti
950 4321 1118 4397 reddendi
1135 4318 1236 4398 ‚abas
1249 4338 1316 4406 au,

259 4418 478 4537 ttmsunpet
498 4419 547 4505 est
571 4422 622 4499 ibi
650 4423 1059 4525 paccatun1,adntinot
1087 4414 1220 4509 veniale
1247 4413 1320 4508 ‚.;.'

748 4613 833 4719 24
943 4590 944 4594 Ν
1154 4605 1263 4724 ΒΕ,
