3700 5425
534 577 604 669 De
630 573 816 668 peccem
848 577 895 665 in
928 577 1123 697 genere}⁷
1278 580 1365 689 '475'

312 748 556 852 prosecuntur·
571 745 630 826 De
640 748 772 825 tristitia
786 797 798 832 ,
810 747 958 835 malitia,
969 771 1118 836 rancor,
1134 746 1363 843 pusillanimi·

311 872 387 936 tar.
407 851 603 946 desperatio
616 891 627 923 2
640 865 769 946 torpor
780 851 872 925 circa
886 866 1081 946 praecepta,
1097 853 1240 946 vagauo
1258 875 1362 928 men·

311 956 358 1028 tir
370 974 454 1050 erga
469 949 584 1025 illicita
590 946 764 1123 xascltur.
790 944 850 1027 Dc
865 949 1221 1048 avaritiarproditio,
1243 949 1361 1041 staua.

310 1051 463 1136 fallacia,
488 1051 587 1147 perju
619 1071 638 1123 a
655 1090 666 1124 ,
689 1048 923 1147 inquietudo,
943 1048 1122 1128 violentia
1139 1103 1150 1136 ‚
1168 1052 1205 1127 dr
1228 1066 1362 1135 contra

312 1151 588 1252 misericordiam
619 1146 876 1224 obdurationes
915 1148 1034 1226 cordis
1070 1152 1246 1228 oriuntur·
1295 1146 1361 1230 De

311 1247 954 1445 lissinis-‘alliirul‘tllttllr
968 1246 1361 1429 illitus-‘dl‘

309 1453 467 1548 gentiam
491 1463 746 1548 propagantur·
774 1444 832 1524 De
856 1449 1018 1534 luxuria.
1042 1453 1178 1527 caecitas
1203 1454 1358 1537 mentia.
1484 1521 1485 1525 a
1633 1468 1637 1477 ·

308 1549 609 1631 inconsideratio,
626 1545 863 1624 inconstantia
876 1596 888 1631 ,
900 1551 1154 1645 praecipitatio.
1165 1573 1267 1628 amor
1279 1550 1361 1632 sui·

309 1654 437 1728 odium
456 1646 548 1734 Dei.
566 1644 710 1722 affectus
722 1644 898 1742 presentis
917 1646 1044 1728 seculi,
1066 1648 1196 1727 horror
1207 1664 1329 1728 autem
1341 1702 1358 1737 .
1422 1682 1425 1689 ·

309 1751 366 1826 vel
388 1748 583 1848 desperatio
604 1745 714 1824 luturi
732 1762 957 1843 generantur.
985 1748 1084 1845 Quia
1105 1773 1143 1826 er
1170 1750 1359 1847 o-septem

308 1849 513 1948 principalia
530 1848 614 1923 vitia
627 1859 760 1924 tantam
774 1845 819 1922 de
837 1845 871 1923 se
889 1850 1060 1926 vitiorum
1086 1772 1356 1930 multitudinem

307 1949 519 2049 proferunt,
538 1969 622 2024 cum
642 1943 687 2022 ad
707 1968 773 2021 cor
800 1948 967 2034 veniunt,
990 1946 1088 2047 quali
1112 1948 1356 2048 subsequenti·

308 2051 486 2129 exercitus
508 2063 666 2124 catervas
687 2045 844 2128 trahunt.
874 2045 929 2124 lix
953 2051 1083 2146 quibua
1104 2047 1269 2126 videlicet
1303 2048 1357 2127 se«

306 2167 433 2250 ptem,
451 2152 611 2247 quinque
629 2144 831 2242 spiritualia,
855 2147 1005 2247 duoque
1015 2149 1166 2226 carnalia
1184 2143 1356 2228 suutrsed

306 2247 597 2346 unumquodque
625 2268 751 2323 eorum
777 2261 874 2325 tanta
901 2245 964 2324 fibi
989 2253 1210 2345 cognatione
1233 2251 1358 2347 iungi.

307 2366 386 2432 tur,
404 2366 444 2426 ut
472 2343 612 2425 nonnis
642 2368 755 2423 unum
780 2346 825 2423 de
849 2347 961 2424 altero
989 2346 1200 2445 proferatur·
1235 2348 1354 2431 Prima

306 2472 463 2545 namque
478 2449 645 2544 superbiae
660 2445 798 2523 soboles
816 2450 929 2523 inania
942 2446 1057 2545 gloria
1072 2448 1143 2524 eli.
1157 2472 1237 2547 quae
1262 2449 1356 2529 dum

304 2548 504 2651 oppressam
523 2563 681 2623 mentem
693 2548 913 2662 corruperit,
928 2569 1018 2626 mox
1030 2550 1199 2627 iuvidiam
1209 2553 1353 2647 gignite

306 2654 390 2750 quia
410 2652 577 2726 nimirum
603 2645 691 2723 dum
707 2669 788 2724 vam
805 2650 962 2726 nominis
977 2652 1175 2745 potentiam
1195 2676 1212 2726 a
1241 2652 1353 2749 petit,

305 2776 352 2828 ne
375 2754 453 2850 quis
477 2749 570 2825 hanc
593 2748 679 2823 aliut
706 2747 846 2845 adipisci
872 2750 1007 2835 valeat,
1033 2749 1184 2826 tabescit
1215 2674 1355 2838 facidia

305 2875 456 2952 quoque
479 2852 564 2924 iram
584 2859 756 2941 generate
781 2851 863 2946 quia
891 2867 1030 2945 quanto
1057 2852 1200 2926 interno
1231 2850 1353 2928 lirorie

305 2951 452 3027 vulnere
480 2951 618 3023 animus
639 2943 831 3030 sauciatur,
851 2961 954 3023 tanto
976 2951 1083 3025 etiam
1117 2949 1351 3027 mansuetudo

306 3048 566 3147 tranquillitatis
587 3047 780 3137 amittitur3
801 3048 838 3121 dr
863 3049 945 3142 quia
970 3046 1067 3147 quast
1089 3046 1214 3125 dolens
1238 3074 1355 3126 mem·

306 3151 413 3225 hrum
437 3149 613 3241 tangitur,
638 3144 774 3221 idcirco
794 3145 970 3243 oppofitae
989 3146 1134 3222 actionis
1152 3172 1275 3224 manua
1292 3173 1353 3225 ve·

305 3249 363 3327 lut
385 3252 526 3346 gravius
553 3242 662 3341 prelia
685 3244 842 3321 sentitur.
884 3244 940 3323 Ex
967 3250 1016 3323 ira
1044 3270 1194 3344 quoque
1220 3248 1353 3327 tristitia

305 3353 442 3442 oritur3
460 3351 539 3446 quia
562 3346 699 3422 turbata
721 3367 849 3433 mene,
873 3368 950 3441 quo
975 3345 1008 3422 se
1030 3348 1230 3425 inordinate
1262 3371 1358 3426 con·

302 3453 417 3534 cutit,
436 3472 481 3523 eo
498 3444 697 3523 addicendo
716 3446 928 3531 confundit,
955 3447 992 3521 dc
1014 3469 1098 3524 cum
1122 3447 1351 3526 dulcedinem

301 3547 563 3649 tranquillitatis
582 3545 759 3627 amiserit,
781 3546 867 3621 nihil
892 3548 985 3623 hanc
1008 3545 1072 3621 nist
1094 3568 1140 3622 ex
1165 3553 1355 3645 perturba·

301 3653 404 3727 tione
429 3648 637 3746 subsequens
676 3669 816 3722 moeror
850 3648 967 3741 pascit.
1007 3644 1160 3724 Tristitia
1197 3672 1348 3747 quoque

301 3750 348 3825 ad
366 3750 544 3825 avaritiam
562 3749 759 3837 derivatum
780 3750 862 3844 quia
885 3748 974 3823 dum
988 3745 1176 3825 consulum
1198 3770 1262 3824 cor
1281 3751 1352 3826 bo·

300 3872 390 3925 num
411 3851 537 3925 laetitiae
558 3853 595 3924 in
616 3846 801 3940 semetipso
823 3849 917 3922 intus
942 3845 1119 3933 amiserit,
1141 3849 1236 3925 unde
1257 3871 1351 3927 con·

300 3950 405 4026 solari
426 3949 573 4027 debeat,
599 3946 683 4021 soris
707 3948 900 4044 quaerit3dt
923 3962 1025 4023 tanto
1036 3950 1148 4044 magis
1170 3953 1349 4027 exteriora

301 4048 400 4125 bona
426 4049 566 4143 adipisci
579 4047 767 4132 defiderat,
786 4061 924 4144 quanto
938 4045 1109 4141 gaudium
1129 4071 1204 4126 non
1217 4047 1350 4134 habet.

302 4146 346 4223 ad
373 4149 472 4246 quod
487 4148 690 4223 intrinsecus
702 4165 869 4223 recurrat·
898 4145 1250 4223 Postliaecveroduo
1272 4172 1348 4224 car-

302 4245 393 4323 nalia
416 4251 498 4323 vitia
514 4292 523 4322 ‚
537 4249 571 4321 id
590 4248 663 4330 est,
689 4249 819 4322 velitris
847 4245 1022 4339 ingluvies
1042 4301 1052 4329 ‚
1078 4248 1114 4322 dc
1135 4245 1311 4323 luxurias
1332 4292 1351 4314 ·

301 4346 459 4443 persunt·
485 4346 554 4423 Sed
578 4346 713 4422 cunssis
732 4346 866 4442 liquet,
889 4345 992 4439 quod
1010 4345 1055 4420 de
1074 4349 1207 4421 ventris
1230 4347 1351 4441 inglu·

301 4450 377 4532 vie,
393 4447 529 4524 luxuria
557 4447 708 4521 nascitur
720 4497 730 4529 ‚
742 4446 875 4521 dunrin
895 4444 964 4541 ipsa
979 4443 1225 4522 distributione
1235 4469 1352 4520 mern.

300 4547 452 4628 brorum
478 4550 592 4628 uentri
624 4543 789 4645 genitalia
820 4544 978 4623 subnexa
1012 4544 1359 4722 uideantur-dUude

1240 4669 1301 4726 um
