3700 5425
549 577 638 687 lttt
748 570 906 671 Theol.
932 573 1047 689 Dog,
1072 565 1279 668 &mont
1299 567 1394 667 Lib,
1408 568 1488 670 Ill
1609 672 1617 693 Ι

552 747 706 847 gloriam
724 748 894 825 vitiorum
920 745 1124 845 capitalium
1145 747 1305 844 primum
1335 741 1501 823 recenset
1530 742 1606 826 Ex·

553 843 714 944 pendent
736 850 833 925 enim
854 849 959 923 verba
980 847 1036 929 illa
1054 869 1089 929 c.
1104 862 1164 943 39.
1188 841 1374 943 libriJob:
1396 850 1512 916 morel
1527 851 1606 919 odo·

551 962 653 1021 mm
680 942 816 1033 briaen,
837 948 1099 1020 exhortativum
1122 952 1272 1030 Ducum,
1292 950 1333 1016 (t
1356 948 1517 1017 ululatum
1543 970 1603 1020 ert.

552 1046 696 1132 arcitus,
718 1046 795 1124 haec
819 1044 947 1124 habet:
964 1103 986 1140 „
1000 1104 1023 1140 ,‚
1051 1045 1148 1144 Quia
1171 1043 1328 1141 spiritalis
1352 1046 1470 1122 militie
1497 1049 1605 1146 cogi.

551 1148 690 1224 tutione
710 1170 820 1225 omne
839 1149 966 1226 uitium
992 1151 1105 1246 prius,
1130 1169 1237 1246 quam
1259 1144 1444 1242 subrepere
1467 1147 1599 1242 pollit,

550 1247 738 1345 aspicitur,
756 1246 847 1325 telle
864 1244 911 1324 de
927 1271 1026 1348 equo
1043 1248 1113 1327 Dei
1133 1249 1282 1324 dicitur:
1305 1250 1418 1315 l’rocm
1439 1252 1599 1321 odoratur

549 1342 676 1427 bedun.
699 1344 888 1443 Perpendit
906 1350 1037 1430 etiami
1052 1372 1133 1446 quae
1151 1350 1252 1423 turba
1268 1347 1498 1445 iniquitatum
1513 1371 1602 1444 pru.

547 1442 699 1528 ruat‚fi
727 1446 817 1524 mala
844 1448 888 1523 ad
925 1446 959 1526 se
980 1451 1141 1546 ingredi,
1171 1446 1225 1523 vel
1254 1468 1364 1542 pauca
1394 1450 1595 1543 permittat,-

546 1540 656 1625 Unde
677 1544 855 1644 sequiturt
882 1547 1159 1620 dehortationem
1186 1549 1345 1632 Durum,
1365 1547 1408 1617 <t
1434 1547 1600 1621 tlalamo

533 1647 723 1717 exercitus.
750 1644 940 1724 Tentnntia
958 1654 1093 1749 quippe
1108 1651 1213 1733 vitia,
1230 1669 1310 1741 quae
1327 1642 1489 1724 invifibili
1506 1671 1603 1725 con·

544 1757 601 1826 tra
622 1768 690 1822 noe
708 1746 832 1845 praelio
859 1752 1022 1847 regnanti
1042 1748 1145 1846 super
1166 1746 1199 1823 se
1223 1747 1394 1845 superbier
1416 1748 1594 1834 militant,

543 1844 610 1923 alia
626 1868 730 1923 more
751 1852 887 1924 ducum
913 1867 1094 1944 praeeunt.
1112 1849 1175 1926 alia
1199 1868 1303 1922 more
1322 1850 1501 1924 exercitus
1515 1848 1596 1924 iub·

543 1943 750 2040 sequuntur.
787 1946 918 2045 Neque
947 1953 1044 2026 enim
1069 1949 1184 2046 culpae
1207 1970 1334 2024 omnes
1358 1950 1431 2042 pari
1455 1943 1596 2026 accessu

542 2067 610 2123 cor
632 2065 823 2144 occupant.
853 2049 922 2125 Sed
953 2073 1040 2126 num
1061 2053 1239 2140 maiorer,
1261 2047 1298 2125 dt
1324 2068 1443 2141 paucae
1470 2048 1599 2144 negle-

542 2143 635 2225 &am
661 2162 819 2225 mentem
855 2152 1106 2247 preveniunt,
1129 2152 1309 2236 minores,
1329 2148 1366 2221 dr
1396 2148 1596 2224 innumerae

541 2243 589 2321 ad
608 2244 703 2322 illam
725 2245 758 2323 se
784 2252 989 2327 cateruatim
1012 2248 1182 2329 fundunt·
1205 2245 1280 2344 lpsa
1303 2269 1457 2341 namque
1487 2249 1596 2322 vitio-

540 2367 622 2422 rum
647 2343 781 2444 Regina
802 2349 982 2447 superbia,
1003 2372 1088 2427 cum
1108 2346 1285 2426 denisium
1300 2347 1404 2448 plene
1429 2368 1495 2423 cor
1515 2368 1597 2425 coe·

540 2448 660 2540 perit,
685 2470 776 2524 mox
804 2447 889 2526 illud
918 2448 1051 2544 septem
1074 2448 1325 2548 principalibus
1356 2448 1447 2522 vitiis
1465 2489 1476 2522 ‚
1494 2445 1594 2544 quast

541 2543 752 2642 qmbusdam
774 2544 839 2624 suis
870 2546 1036 2629 Ducibus
1059 2547 1313 2627 devastandum
1340 2546 1457 2622 tradit·
1483 2546 1594 2637 Quor

539 2643 706 2724 videlicet
725 2648 832 2724 duces
853 2653 1030 2729 exercitur
1049 2649 1230 2751 sequitur;
1255 2651 1336 2746 quia
1368 2669 1414 2723 ex
1436 2648 1486 2726 eir
1504 2669 1594 2747 pro·

539 2745 712 2824 culdubio
732 2750 947 2842 importunae
964 2753 1132 2827 vitiorum
1149 2749 1397 2827 multitudines
1414 2750 1593 2823 oriuntur.

539 2843 656 2941 Quod
680 2847 803 2925 mellus
828 2848 1068 2936 ostendimus,
1087 2851 1110 2925 li
1133 2851 1226 2946 ipsos
1242 2848 1377 2928 duces,
1399 2861 1507 2944 atque
1524 2869 1593 2923 ex·

538 2952 690 3022 ercitum
714 2946 925 3043 specialiter,
950 2969 990 3028 ut
1005 2948 1208 3047 possumus,
1235 2951 1479 3024 craumerando
1504 2969 1593 3041 pro.

537 3042 705 3129 feramur.
734 3045 851 3128 Radix
870 3053 1006 3149 quippe
1020 3052 1137 3128 cunsli
1153 3047 1424 3144 malisuperorn
1438 3048 1483 3121 de
1497 3068 1590 3145 qua·

336 3148 427 3218 rulo
442 3169 490 3224 ro,
538 3138 707 3244 scriptura
720 3148 924 3228 attestante,
948 3150 1095 3228 dicitur:
1121 3154 1260 3222 Initium
1278 3153 1380 3217 omnis
1401 3143 1589 3238 perterreri

458 3259 461 3267 '
531 3243 697 3337 superbia,
723 3245 836 3325 Prima
856 3267 976 3326 autem
1000 3252 1073 3343 rjur
1092 3250 1251 3332 soboles,
1271 3246 1403 3345 septem
1417 3250 1588 3324 nimirum

537 3349 742 3442 principalia
769 3352 870 3435 vitia,
898 3350 1033 3426 dehac
1059 3351 1228 3427 virulenta
1256 3351 1373 3425 radice
1397 3350 1589 3443 prol'ernn.

536 3459 619 3539 tur;
643 3445 773 3526 scillcet
804 3450 915 3525 inanis
951 3451 1093 3545 gloria,
1123 3450 1275 3533 invidia,
1309 3451 1384 3532 ira,
1424 3447 1588 3529 tristitia,

537 3547 635 3632 (five
668 3540 808 3638 acedia)
834 3552 1003 3626 avaritia,
1043 3552 1173 3625 ventris
1203 3546 1407 3643 ingluvies,
1434 3545 1587 3623 luxuria.

535 3644 633 3725 Nam
652 3651 735 3744 quia
757 3646 809 3722 hie
822 3647 955 3747 septem
976 3647 1143 3752 superbiae
1164 3651 1256 3725 vitiis
1278 3670 1346 3724 nm
1366 3664 1492 3741 captos
1513 3648 1583 3721 dn·

535 3746 624 3830 luit,
647 3748 782 3825 idcirco
801 3745 1024 3845 Redemptor
1048 3750 1166 3826 noller
1181 3749 1224 3826 ad
1238 3745 1386 3843 spiritale
1406 3747 1587 3821 liberatio·

536 3850 590 3924 nir
606 3850 769 3946 ,praelium
793 3848 941 3945 Spiritus
961 3847 1172 3946 septiformis
1189 3851 1311 3947 gratiae
1332 3849 1457 3942 plenua
1473 3848 1583 3927 venit.

536 3946 607 4024 Sed
626 3950 758 4026 habent
772 3962 899 4024 contra
920 3970 986 4024 nos
1008 3948 1084 4025 haec
1100 3948 1235 4045 ungula
1255 3953 1454 4024 exercitum
1468 3944 1586 4020 suum.

534 4045 631 4127 Nam
656 4048 701 4123 de
720 4050 814 4123 inani
833 4048 969 4141 gloria,
992 4050 1251 4126 inobedientia,
1268 4042 1445 4137 instantia,
1460 4042 1585 4145 hypo.

532 4146 649 4234 crifia,
674 4151 950 4232 contentiones,
976 4151 1198 4245 pertinaciae,
1223 4147 1423 4229 discordie.
1446 4147 1483 4220 dt
1514 4169 1585 4221 no·

532 4249 683 4325 vitatum
697 4246 989 4345 praesnmpuones
1001 4252 1177 4326 oriuntur·
1194 4246 1253 4325 De
1262 4246 1415 4326 invidia.
1433 4247 1582 4332 odium,

415 4391 418 4399 ν
531 4347 741 4429 susurratio,
761 4346 953 4431 detractio,
976 4349 1150 4424 exultatio
1175 4350 1210 4421 in
1233 4345 1383 4423 adverfir
1398 4348 1584 4444 proximi·

528 4444 673 4525 afflictio
694 4463 814 4523 autem
836 4449 873 4522 in
895 4442 1072 4543 prosperis
1092 4446 1253 4523 nascitur·
1292 4446 1353 4526 De
1373 4449 1448 4532 ira,
1473 4449 1581 4528 rixae,

525 4563 651 4634 tumor
665 4548 819 4633 mentio,
838 4544 1331 4646 contumeliamndgnmo,
1352 4544 1583 4644 blasphemia

1440 4664 1526 4743 pto·
