<?xml version="1.0" encoding="UTF-8"?>
<!DOCTYPE html PUBLIC "-//W3C//DTD XHTML 1.0 Transitional//EN"
    "http://www.w3.org/TR/xhtml1/DTD/xhtml1-transitional.dtd">
<html xmlns="http://www.w3.org/1999/xhtml" xml:lang="en" lang="en">
 <head>
  <title>
</title>
<meta http-equiv="Content-Type" content="text/html;charset=utf-8" />
  <meta name='ocr-system' content='tesseract 3.04.00' />
  <meta name='ocr-capabilities' content='ocr_page ocr_carea ocr_par ocr_line ocrx_word'/>
</head>
<body>
  <div class='ocr_page' id='page_1' title='image "./theologiadogmat05alexgoog_0601.png"; bbox 0 0 3700 5425; ppageno 0'>
   <div class='ocr_carea' id='block_1_1' title="bbox 398 530 1330 666">
    <p class='ocr_par' dir='ltr' id='par_1_1' title="bbox 398 530 1330 666">
     <span class='ocr_line' id='line_1_1' title="bbox 398 530 1330 666; baseline -0.004 -22"><span class='ocrx_word' id='word_1_1' title='bbox 398 542 400 547; x_wconf 73' lang='grc'><strong>’</strong></span> <span class='ocrx_word' id='word_1_2' title='bbox 487 550 558 643; x_wconf 87' lang='lat' dir='ltr'>De</span> <span class='ocrx_word' id='word_1_3' title='bbox 587 548 772 641; x_wconf 86' lang='lat' dir='ltr'>Peccatis</span> <span class='ocrx_word' id='word_1_4' title='bbox 803 552 852 639; x_wconf 86' lang='lat' dir='ltr'>in&#39;</span> <span class='ocrx_word' id='word_1_5' title='bbox 880 530 1069 666; x_wconf 50' lang='lat' dir='ltr'>&#39;generes</span> <span class='ocrx_word' id='word_1_6' title='bbox 1199 536 1330 657; x_wconf 53' lang='lat'>³595·</span> 
     </span>
    </p>
   </div>
   <div class='ocr_carea' id='block_1_2' title="bbox 247 718 1328 4698">
    <p class='ocr_par' dir='ltr' id='par_1_2' title="bbox 251 718 1306 2318">
     <span class='ocr_line' id='line_1_2' title="bbox 256 718 1301 821; baseline -0.01 -20"><span class='ocrx_word' id='word_1_7' title='bbox 256 724 352 821; x_wconf 72' lang='lat' dir='ltr'>idem</span> <span class='ocrx_word' id='word_1_8' title='bbox 373 719 552 821; x_wconf 83' lang='lat' dir='ltr'>objenum</span> <span class='ocrx_word' id='word_1_9' title='bbox 575 719 693 799; x_wconf 84' lang='lat' dir='ltr'>illicite</span> <span class='ocrx_word' id='word_1_10' title='bbox 710 718 996 818; x_wconf 88' lang='lat' dir='ltr'>prosequendum</span> <span class='ocrx_word' id='word_1_11' title='bbox 1019 718 1226 807; x_wconf 75' lang='lat' dir='ltr'>revertitur,</span> <span class='ocrx_word' id='word_1_12' title='bbox 1246 720 1301 796; x_wconf 91' lang='lat' dir='ltr'>di.</span> 
     </span>
     <span class='ocr_line' id='line_1_3' title="bbox 256 818 1303 919; baseline -0.007 -17"><span class='ocrx_word' id='word_1_13' title='bbox 256 827 419 903; x_wconf 72' lang='lat' dir='ltr'>{lineium</span> <span class='ocrx_word' id='word_1_14' title='bbox 443 843 596 899; x_wconf 87' lang='lat' dir='ltr'>numero</span> <span class='ocrx_word' id='word_1_15' title='bbox 619 834 805 907; x_wconf 85' lang='lat' dir='ltr'>peccatum</span> <span class='ocrx_word' id='word_1_16' title='bbox 833 822 914 911; x_wconf 84' lang='lat' dir='ltr'>ell;</span> <span class='ocrx_word' id='word_1_17' title='bbox 938 845 971 897; x_wconf 84' lang='lat' dir='ltr'>v,</span> <span class='ocrx_word' id='word_1_18' title='bbox 993 843 1047 917; x_wconf 84' lang='lat' dir='ltr'>gr.</span> <span class='ocrx_word' id='word_1_19' title='bbox 1075 818 1099 895; x_wconf 82' lang='lat' dir='ltr'><strong>fi</strong></span> <span class='ocrx_word' id='word_1_20' title='bbox 1128 823 1207 919; x_wconf 83' lang='lat' dir='ltr'>quis</span> <span class='ocrx_word' id='word_1_21' title='bbox 1234 819 1303 897; x_wconf 82' lang='lat' dir='ltr'>visa</span> 
     </span>
     <span class='ocr_line' id='line_1_4' title="bbox 256 917 1301 1020; baseline -0.01 -15"><span class='ocrx_word' id='word_1_22' title='bbox 256 926 386 1005; x_wconf 83' lang='lat' dir='ltr'>femina</span> <span class='ocrx_word' id='word_1_23' title='bbox 422 919 563 997; x_wconf 87' lang='lat' dir='ltr'>morose</span> <span class='ocrx_word' id='word_1_24' title='bbox 603 917 824 999; x_wconf 78' lang='lat' dir='ltr'>delectetur,</span> <span class='ocrx_word' id='word_1_25' title='bbox 853 942 1004 1018; x_wconf 87' lang='lat' dir='ltr'>eamque</span> <span class='ocrx_word' id='word_1_26' title='bbox 1031 918 1301 1020; x_wconf 80' lang='lat' dir='ltr'>deletlationem</span> 
     </span>
     <span class='ocr_line' id='line_1_5' title="bbox 251 1019 1302 1121; baseline -0.006 -19"><span class='ocrx_word' id='word_1_27' title='bbox 251 1025 384 1121; x_wconf 79' lang='lat' dir='ltr'>l&#39;pnnre</span> <span class='ocrx_word' id='word_1_28' title='bbox 403 1021 561 1103; x_wconf 82' lang='lat' dir='ltr'>deserens</span> <span class='ocrx_word' id='word_1_29' title='bbox 576 1066 587 1101; x_wconf 90' lang='lat'>,</span> <span class='ocrx_word' id='word_1_30' title='bbox 601 1021 637 1093; x_wconf 79' lang='lat' dir='ltr'>dt</span> <span class='ocrx_word' id='word_1_31' title='bbox 658 1021 712 1095; x_wconf 83' lang='lat' dir='ltr'>ad</span> <span class='ocrx_word' id='word_1_32' title='bbox 734 1019 798 1095; x_wconf 86' lang='lat' dir='ltr'>alia</span> <span class='ocrx_word' id='word_1_33' title='bbox 824 1019 1011 1097; x_wconf 85' lang='lat' dir='ltr'>intendem</span> <span class='ocrx_word' id='word_1_34' title='bbox 1038 1022 1221 1105; x_wconf 87' lang='lat' dir='ltr'>animum,</span> <span class='ocrx_word' id='word_1_35' title='bbox 1244 1040 1302 1096; x_wconf 82' lang='lat' dir='ltr'>er·</span> 
     </span>
     <span class='ocr_line' id='line_1_6' title="bbox 257 1119 1302 1215; baseline -0.005 -15"><span class='ocrx_word' id='word_1_36' title='bbox 257 1132 341 1201; x_wconf 88' lang='lat' dir='ltr'>dem</span> <span class='ocrx_word' id='word_1_37' title='bbox 368 1122 423 1199; x_wconf 84' lang='lat' dir='ltr'>vel</span> <span class='ocrx_word' id='word_1_38' title='bbox 449 1119 554 1197; x_wconf 82' lang='lat' dir='ltr'>altera</span> <span class='ocrx_word' id='word_1_39' title='bbox 581 1140 671 1197; x_wconf 83' lang='lat' dir='ltr'>mox</span> <span class='ocrx_word' id='word_1_40' title='bbox 698 1134 909 1195; x_wconf 87' lang='lat' dir='ltr'>occurrente</span> <span class='ocrx_word' id='word_1_41' title='bbox 941 1119 978 1194; x_wconf 92' lang='lat' dir='ltr'>in</span> <span class='ocrx_word' id='word_1_42' title='bbox 1005 1122 1141 1215; x_wconf 82' lang='lat' dir='ltr'>peccati</span> <span class='ocrx_word' id='word_1_43' title='bbox 1163 1120 1302 1215; x_wconf 83' lang='lat' dir='ltr'>cogita·</span> 
     </span>
     <span class='ocr_line' id='line_1_7' title="bbox 257 1217 1300 1316; baseline -0.005 -18"><span class='ocrx_word' id='word_1_44' title='bbox 257 1224 359 1305; x_wconf 85' lang='lat' dir='ltr'>tione</span> <span class='ocrx_word' id='word_1_45' title='bbox 376 1220 490 1299; x_wconf 80' lang='lat' dir='ltr'>rursus</span> <span class='ocrx_word' id='word_1_46' title='bbox 516 1217 733 1305; x_wconf 77' lang='lat' dir='ltr'>delesietnr,</span> <span class='ocrx_word' id='word_1_47' title='bbox 755 1218 890 1313; x_wconf 81' lang='lat' dir='ltr'>duplex</span> <span class='ocrx_word' id='word_1_48' title='bbox 914 1232 1099 1316; x_wconf 86' lang='lat' dir='ltr'>peccatum</span> <span class='ocrx_word' id='word_1_49' title='bbox 1121 1217 1181 1298; x_wconf 83' lang='lat' dir='ltr'>eli,</span> <span class='ocrx_word' id='word_1_50' title='bbox 1209 1218 1300 1294; x_wconf 88' lang='lat' dir='ltr'>ltem</span> 
     </span>
     <span class='ocr_line' id='line_1_8' title="bbox 258 1317 1302 1415; baseline -0.005 -16"><span class='ocrx_word' id='word_1_51' title='bbox 258 1322 284 1399; x_wconf 83' lang='lat' dir='ltr'><strong>fi</strong></span> <span class='ocrx_word' id='word_1_52' title='bbox 312 1325 403 1398; x_wconf 87' lang='lat' dir='ltr'>inter</span> <span class='ocrx_word' id='word_1_53' title='bbox 428 1341 563 1399; x_wconf 90' lang='lat' dir='ltr'>unum,</span> <span class='ocrx_word' id='word_1_54' title='bbox 586 1318 623 1391; x_wconf 77' lang='lat' dir='ltr'>de</span> <span class='ocrx_word' id='word_1_55' title='bbox 650 1317 801 1397; x_wconf 86' lang='lat' dir='ltr'>alterum</span> <span class='ocrx_word' id='word_1_56' title='bbox 823 1319 939 1395; x_wconf 79' lang='lat' dir='ltr'>auum</span> <span class='ocrx_word' id='word_1_57' title='bbox 968 1333 1105 1395; x_wconf 89' lang='lat' dir='ltr'>tantum</span> <span class='ocrx_word' id='word_1_58' title='bbox 1130 1321 1302 1415; x_wconf 80' lang='lat' dir='ltr'>temporis</span> 
     </span>
     <span class='ocr_line' id='line_1_9' title="bbox 258 1414 1300 1514; baseline -0.01 -15"><span class='ocrx_word' id='word_1_59' title='bbox 258 1417 469 1499; x_wconf 75' lang='lat' dir='ltr'>intercessit,</span> <span class='ocrx_word' id='word_1_60' title='bbox 491 1431 552 1495; x_wconf 87' lang='lat' dir='ltr'>aut</span> <span class='ocrx_word' id='word_1_61' title='bbox 575 1416 869 1514; x_wconf 83' lang='lat' dir='ltr'>impedimentum</span> <span class='ocrx_word' id='word_1_62' title='bbox 889 1417 979 1501; x_wconf 88' lang='lat' dir='ltr'>tale,</span> <span class='ocrx_word' id='word_1_63' title='bbox 1002 1433 1044 1494; x_wconf 88' lang='lat' dir='ltr'>ur</span> <span class='ocrx_word' id='word_1_64' title='bbox 1061 1414 1192 1494; x_wconf 88' lang='lat' dir='ltr'>nullam</span> <span class='ocrx_word' id='word_1_65' title='bbox 1212 1419 1300 1491; x_wconf 86' lang='lat' dir='ltr'>invi·</span> 
     </span>
     <span class='ocr_line' id='line_1_10' title="bbox 259 1516 1304 1614; baseline -0.006 -18"><span class='ocrx_word' id='word_1_66' title='bbox 259 1543 340 1596; x_wconf 89' lang='lat' dir='ltr'>cem</span> <span class='ocrx_word' id='word_1_67' title='bbox 367 1516 660 1598; x_wconf 74' lang='lat' dir='ltr'>connexionem,</span> <span class='ocrx_word' id='word_1_68' title='bbox 680 1516 736 1591; x_wconf 87' lang='lat' dir='ltr'>vel</span> <span class='ocrx_word' id='word_1_69' title='bbox 765 1517 929 1593; x_wconf 82' lang='lat' dir='ltr'>ordinem</span> <span class='ocrx_word' id='word_1_70' title='bbox 968 1516 1095 1593; x_wconf 88' lang='lat' dir='ltr'>habere</span> <span class='ocrx_word' id='word_1_71' title='bbox 1119 1516 1304 1614; x_wconf 79' lang='lat' dir='ltr'>prudentie</span> 
     </span>
     <span class='ocr_line' id='line_1_11' title="bbox 259 1614 1302 1713; baseline -0.005 -16"><span class='ocrx_word' id='word_1_72' title='bbox 259 1621 405 1697; x_wconf 83' lang='lat' dir='ltr'>arbitrio</span> <span class='ocrx_word' id='word_1_73' title='bbox 430 1616 654 1701; x_wconf 86' lang='lat' dir='ltr'>censeantur,</span> <span class='ocrx_word' id='word_1_74' title='bbox 673 1615 809 1713; x_wconf 79' lang='lat' dir='ltr'>duplex</span> <span class='ocrx_word' id='word_1_75' title='bbox 835 1638 987 1692; x_wconf 88' lang='lat' dir='ltr'>numero</span> <span class='ocrx_word' id='word_1_76' title='bbox 1017 1636 1204 1713; x_wconf 84' lang='lat' dir='ltr'>peccatum</span> <span class='ocrx_word' id='word_1_77' title='bbox 1228 1614 1302 1692; x_wconf 87' lang='lat' dir='ltr'>est,</span> 
     </span>
     <span class='ocr_line' id='line_1_12' title="bbox 260 1713 1301 1813; baseline -0.004 -16"><span class='ocrx_word' id='word_1_78' title='bbox 260 1718 332 1797; x_wconf 82' lang='lat' dir='ltr'>sure</span> <span class='ocrx_word' id='word_1_79' title='bbox 350 1713 491 1798; x_wconf 78' lang='lat' dir='ltr'>cessatio</span> <span class='ocrx_word' id='word_1_80' title='bbox 507 1740 527 1791; x_wconf 90' lang='lat' dir='ltr'>a</span> <span class='ocrx_word' id='word_1_81' title='bbox 543 1718 653 1813; x_wconf 86' lang='lat' dir='ltr'>priori</span> <span class='ocrx_word' id='word_1_82' title='bbox 675 1718 753 1793; x_wconf 78' lang='lat' dir='ltr'>arlo</span> <span class='ocrx_word' id='word_1_83' title='bbox 767 1715 964 1795; x_wconf 83' lang='lat' dir='ltr'>voluntaria</span> <span class='ocrx_word' id='word_1_84' title='bbox 980 1714 1103 1797; x_wconf 86' lang='lat' dir='ltr'>fuerit,</span> <span class='ocrx_word' id='word_1_85' title='bbox 1124 1714 1193 1791; x_wconf 81' lang='lat' dir='ltr'>stre</span> <span class='ocrx_word' id='word_1_86' title='bbox 1211 1735 1301 1793; x_wconf 86' lang='lat' dir='ltr'>nnn.</span> 
     </span>
     <span class='ocr_line' id='line_1_13' title="bbox 258 1812 1304 1921; baseline -0.006 -26"><span class='ocrx_word' id='word_1_87' title='bbox 258 1816 314 1901; x_wconf 90' lang='lat' dir='ltr'>lra</span> <span class='ocrx_word' id='word_1_88' title='bbox 339 1816 362 1893; x_wconf 89' lang='lat' dir='ltr'>si</span> <span class='ocrx_word' id='word_1_89' title='bbox 386 1820 464 1921; x_wconf 88' lang='lat' dir='ltr'>quis</span> <span class='ocrx_word' id='word_1_90' title='bbox 490 1813 667 1891; x_wconf 78' lang='lat' dir='ltr'>morosam</span> <span class='ocrx_word' id='word_1_91' title='bbox 686 1815 982 1900; x_wconf 73' lang='lat' dir='ltr'>deletlarionem,</span> <span class='ocrx_word' id='word_1_92' title='bbox 1008 1815 1064 1890; x_wconf 81' lang='lat' dir='ltr'>rel</span> <span class='ocrx_word' id='word_1_93' title='bbox 1085 1815 1210 1891; x_wconf 88' lang='lat' dir='ltr'>odium</span> <span class='ocrx_word' id='word_1_94' title='bbox 1235 1812 1304 1889; x_wconf 82' lang='lat' dir='ltr'>sra-</span> 
     </span>
     <span class='ocr_line' id='line_1_14' title="bbox 263 1911 1306 2017; baseline -0.007 -24"><span class='ocrx_word' id='word_1_95' title='bbox 263 1933 404 1999; x_wconf 90' lang='lat' dir='ltr'>ternum</span> <span class='ocrx_word' id='word_1_96' title='bbox 426 1919 462 1993; x_wconf 91' lang='lat' dir='ltr'>in</span> <span class='ocrx_word' id='word_1_97' title='bbox 480 1916 601 1991; x_wconf 89' lang='lat' dir='ltr'>animo</span> <span class='ocrx_word' id='word_1_98' title='bbox 613 1937 763 2017; x_wconf 79' lang='lat' dir='ltr'>gerens,</span> <span class='ocrx_word' id='word_1_99' title='bbox 783 1916 911 1990; x_wconf 80' lang='lat' dir='ltr'>l&#39;omno</span> <span class='ocrx_word' id='word_1_100' title='bbox 930 1918 1156 2009; x_wconf 78' lang='lat' dir='ltr'>corripiatun</span> <span class='ocrx_word' id='word_1_101' title='bbox 1173 1938 1192 1989; x_wconf 89' lang='lat' dir='ltr'>a</span> <span class='ocrx_word' id='word_1_102' title='bbox 1211 1911 1306 1988; x_wconf 83' lang='lat' dir='ltr'>iom-</span> 
     </span>
     <span class='ocr_line' id='line_1_15' title="bbox 261 2012 1304 2098; baseline -0.003 -5"><span class='ocrx_word' id='word_1_103' title='bbox 261 2041 313 2095; x_wconf 85' lang='lat' dir='ltr'>no</span> <span class='ocrx_word' id='word_1_104' title='bbox 332 2040 417 2095; x_wconf 84' lang='lat' dir='ltr'>vero</span> <span class='ocrx_word' id='word_1_105' title='bbox 432 2018 604 2095; x_wconf 82' lang='lat' dir='ltr'>excitatus</span> <span class='ocrx_word' id='word_1_106' title='bbox 617 2016 778 2091; x_wconf 84' lang='lat' dir='ltr'>eamdem</span> <span class='ocrx_word' id='word_1_107' title='bbox 799 2012 1087 2098; x_wconf 71' lang='lat' dir='ltr'>delectationem,</span> <span class='ocrx_word' id='word_1_108' title='bbox 1111 2014 1164 2088; x_wconf 82' lang='lat' dir='ltr'>vel</span> <span class='ocrx_word' id='word_1_109' title='bbox 1178 2012 1304 2090; x_wconf 90' lang='lat' dir='ltr'>odium</span> 
     </span>
     <span class='ocr_line' id='line_1_16' title="bbox 262 2110 1305 2209; baseline -0.008 -14"><span class='ocrx_word' id='word_1_110' title='bbox 262 2120 384 2195; x_wconf 84' lang='lat' dir='ltr'>animo</span> <span class='ocrx_word' id='word_1_111' title='bbox 405 2116 605 2209; x_wconf 84' lang='lat' dir='ltr'>concipiat,</span> <span class='ocrx_word' id='word_1_112' title='bbox 618 2113 693 2191; x_wconf 89' lang='lat' dir='ltr'>duo</span> <span class='ocrx_word' id='word_1_113' title='bbox 711 2115 860 2192; x_wconf 80' lang='lat' dir='ltr'>morolae</span> <span class='ocrx_word' id='word_1_114' title='bbox 879 2114 1137 2202; x_wconf 76' lang='lat' dir='ltr'>delesiationit,</span> <span class='ocrx_word' id='word_1_115' title='bbox 1154 2112 1209 2191; x_wconf 87' lang='lat' dir='ltr'>vel</span> <span class='ocrx_word' id='word_1_116' title='bbox 1229 2110 1305 2191; x_wconf 87' lang='lat' dir='ltr'>odii</span> 
     </span>
     <span class='ocr_line' id='line_1_17' title="bbox 262 2215 1173 2318; baseline -0.014 -26"><span class='ocrx_word' id='word_1_117' title='bbox 262 2230 407 2318; x_wconf 87' lang='lat' dir='ltr'>peccata</span> <span class='ocrx_word' id='word_1_118' title='bbox 438 2215 648 2297; x_wconf 83' lang='lat' dir='ltr'>cornmittit·</span> <span class='ocrx_word' id='word_1_119' title='bbox 1171 2274 1173 2279; x_wconf 85' lang='lat'><em>.</em></span> 
     </span>
    </p>

    <p class='ocr_par' dir='ltr' id='par_1_3' title="bbox 247 2309 1328 3104">
     <span class='ocr_line' id='line_1_18' title="bbox 312 2309 1306 2413; baseline -0.002 -22"><span class='ocrx_word' id='word_1_120' title='bbox 312 2314 381 2392; x_wconf 89' lang='lat' dir='ltr'>Sed</span> <span class='ocrx_word' id='word_1_121' title='bbox 401 2314 487 2413; x_wconf 79' lang='lat' dir='ltr'>quid</span> <span class='ocrx_word' id='word_1_122' title='bbox 513 2312 558 2389; x_wconf 89' lang='lat' dir='ltr'>de</span> <span class='ocrx_word' id='word_1_123' title='bbox 580 2312 641 2388; x_wconf 92' lang='lat' dir='ltr'>illo</span> <span class='ocrx_word' id='word_1_124' title='bbox 665 2309 901 2391; x_wconf 84' lang='lat' dir='ltr'>censendum,</span> <span class='ocrx_word' id='word_1_125' title='bbox 922 2313 985 2409; x_wconf 88' lang='lat' dir='ltr'>qni</span> <span class='ocrx_word' id='word_1_126' title='bbox 1008 2335 1112 2389; x_wconf 86' lang='lat' dir='ltr'>ruane</span> <span class='ocrx_word' id='word_1_127' title='bbox 1140 2312 1185 2391; x_wconf 87' lang='lat' dir='ltr'>ad</span> <span class='ocrx_word' id='word_1_128' title='bbox 1208 2313 1306 2393; x_wconf 91' lang='lat' dir='ltr'>occi·</span> 
     </span>
     <span class='ocr_line' id='line_1_19' title="bbox 259 2412 1305 2509; baseline -0.007 -13"><span class='ocrx_word' id='word_1_129' title='bbox 259 2414 424 2496; x_wconf 79' lang='lat' dir='ltr'>nendum</span> <span class='ocrx_word' id='word_1_130' title='bbox 446 2413 655 2491; x_wconf 89' lang='lat' dir='ltr'>inimicum,</span> <span class='ocrx_word' id='word_1_131' title='bbox 687 2412 741 2489; x_wconf 88' lang='lat' dir='ltr'>vel</span> <span class='ocrx_word' id='word_1_132' title='bbox 764 2412 808 2489; x_wconf 87' lang='lat' dir='ltr'>ad</span> <span class='ocrx_word' id='word_1_133' title='bbox 831 2413 1080 2491; x_wconf 84' lang='lat' dir='ltr'>fornicandum</span> <span class='ocrx_word' id='word_1_134' title='bbox 1104 2413 1305 2509; x_wconf 77' lang='lat' dir='ltr'>protenus,</span> 
     </span>
     <span class='ocr_line' id='line_1_20' title="bbox 263 2512 1328 2611; baseline -0.006 -18"><span class='ocrx_word' id='word_1_135' title='bbox 263 2516 302 2593; x_wconf 88' lang='lat' dir='ltr'>ln</span> <span class='ocrx_word' id='word_1_136' title='bbox 328 2517 450 2591; x_wconf 86' lang='lat' dir='ltr'>itinere</span> <span class='ocrx_word' id='word_1_137' title='bbox 476 2512 596 2608; x_wconf 70' lang='lat' dir='ltr'>sapius</span> <span class='ocrx_word' id='word_1_138' title='bbox 622 2534 699 2589; x_wconf 84' lang='lat' dir='ltr'>eam</span> <span class='ocrx_word' id='word_1_139' title='bbox 725 2512 946 2589; x_wconf 88' lang='lat' dir='ltr'>voluntatem</span> <span class='ocrx_word' id='word_1_140' title='bbox 979 2515 1110 2589; x_wconf 89' lang='lat' dir='ltr'>iterat,</span> <span class='ocrx_word' id='word_1_141' title='bbox 1137 2538 1235 2590; x_wconf 89' lang='lat' dir='ltr'>nunc</span> <span class='ocrx_word' id='word_1_142' title='bbox 1260 2516 1328 2611; x_wconf 37' lang='lat' dir='ltr'>de,</span> 
     </span>
     <span class='ocr_line' id='line_1_21' title="bbox 265 2612 1307 2714; baseline 0.002 -26"><span class='ocrx_word' id='word_1_143' title='bbox 265 2629 439 2714; x_wconf 86' lang='lat' dir='ltr'>peccato,</span> <span class='ocrx_word' id='word_1_144' title='bbox 461 2613 561 2707; x_wconf 89' lang='lat' dir='ltr'>quod</span> <span class='ocrx_word' id='word_1_145' title='bbox 584 2615 707 2688; x_wconf 81' lang='lat' dir='ltr'>animo</span> <span class='ocrx_word' id='word_1_146' title='bbox 726 2618 917 2712; x_wconf 80' lang='lat' dir='ltr'>concepit,</span> <span class='ocrx_word' id='word_1_147' title='bbox 939 2634 1035 2693; x_wconf 91' lang='lat' dir='ltr'>nunc</span> <span class='ocrx_word' id='word_1_148' title='bbox 1053 2612 1098 2687; x_wconf 92' lang='lat' dir='ltr'>de</span> <span class='ocrx_word' id='word_1_149' title='bbox 1118 2615 1187 2689; x_wconf 86' lang='lat' dir='ltr'>aliis</span> <span class='ocrx_word' id='word_1_150' title='bbox 1202 2614 1307 2690; x_wconf 81' lang='lat' dir='ltr'>rebut</span> 
     </span>
     <span class='ocr_line' id='line_1_22' title="bbox 247 2708 1309 2810; baseline 0.001 -21"><span class='ocrx_word' id='word_1_151' title='bbox 247 2753 249 2757; x_wconf 96' lang='lat'>·</span> <span class='ocrx_word' id='word_1_152' title='bbox 265 2719 428 2810; x_wconf 80' lang='lat' dir='ltr'>cogitans</span> <span class='ocrx_word' id='word_1_153' title='bbox 443 2754 453 2788; x_wconf 93' lang='lat'>,</span> <span class='ocrx_word' id='word_1_154' title='bbox 469 2735 513 2790; x_wconf 87' lang='lat' dir='ltr'>an</span> <span class='ocrx_word' id='word_1_155' title='bbox 533 2708 629 2804; x_wconf 77' lang='lat' dir='ltr'>plura</span> <span class='ocrx_word' id='word_1_156' title='bbox 651 2729 795 2810; x_wconf 88' lang='lat' dir='ltr'>peccata</span> <span class='ocrx_word' id='word_1_157' title='bbox 808 2733 958 2789; x_wconf 90' lang='lat' dir='ltr'>numero</span> <span class='ocrx_word' id='word_1_158' title='bbox 970 2712 1125 2790; x_wconf 75' lang='lat' dir='ltr'>dillinsia</span> <span class='ocrx_word' id='word_1_159' title='bbox 1137 2717 1309 2792; x_wconf 88' lang='lat' dir='ltr'>commit·</span> 
     </span>
     <span class='ocr_line' id='line_1_23' title="bbox 264 2810 1311 2908; baseline 0.001 -21"><span class='ocrx_word' id='word_1_160' title='bbox 264 2818 333 2897; x_wconf 83' lang='lat' dir='ltr'>tir?</span> <span class='ocrx_word' id='word_1_161' title='bbox 353 2811 623 2905; x_wconf 79' lang='lat' dir='ltr'>Minime3quia</span> <span class='ocrx_word' id='word_1_162' title='bbox 650 2816 762 2908; x_wconf 81' lang='lat' dir='ltr'>prima</span> <span class='ocrx_word' id='word_1_163' title='bbox 785 2813 859 2905; x_wconf 80' lang='lat' dir='ltr'>ejus</span> <span class='ocrx_word' id='word_1_164' title='bbox 881 2810 1044 2886; x_wconf 75' lang='lat' dir='ltr'>uoluntas</span> <span class='ocrx_word' id='word_1_165' title='bbox 1065 2815 1311 2889; x_wconf 89' lang='lat' dir='ltr'>moraliterin·</span> 
     </span>
     <span class='ocr_line' id='line_1_24' title="bbox 265 2907 1311 3008; baseline 0 -20"><span class='ocrx_word' id='word_1_166' title='bbox 265 2928 423 3008; x_wconf 84' lang='lat' dir='ltr'>terrupta</span> <span class='ocrx_word' id='word_1_167' title='bbox 440 2931 514 2982; x_wconf 93' lang='lat' dir='ltr'>non</span> <span class='ocrx_word' id='word_1_168' title='bbox 529 2908 611 2987; x_wconf 88' lang='lat' dir='ltr'>suit,</span> <span class='ocrx_word' id='word_1_169' title='bbox 632 2907 689 2988; x_wconf 88' lang='lat' dir='ltr'>sed</span> <span class='ocrx_word' id='word_1_170' title='bbox 712 2913 841 2986; x_wconf 88' lang='lat' dir='ltr'>virtute</span> <span class='ocrx_word' id='word_1_171' title='bbox 864 2907 1093 3008; x_wconf 81' lang='lat' dir='ltr'>perseveravit</span> <span class='ocrx_word' id='word_1_172' title='bbox 1115 2917 1150 2988; x_wconf 88' lang='lat' dir='ltr'>in</span> <span class='ocrx_word' id='word_1_173' title='bbox 1172 2913 1311 2989; x_wconf 76' lang='lat' dir='ltr'>adlione</span> 
     </span>
     <span class='ocr_line' id='line_1_25' title="bbox 266 3006 812 3104; baseline -0.015 -18"><span class='ocrx_word' id='word_1_174' title='bbox 266 3009 452 3093; x_wconf 85' lang='lat' dir='ltr'>itinerandi</span> <span class='ocrx_word' id='word_1_175' title='bbox 477 3030 522 3083; x_wconf 90' lang='lat' dir='ltr'>eo</span> <span class='ocrx_word' id='word_1_176' title='bbox 551 3006 621 3081; x_wconf 87' lang='lat' dir='ltr'>fine</span> <span class='ocrx_word' id='word_1_177' title='bbox 647 3007 812 3104; x_wconf 80' lang='lat' dir='ltr'>suscepta.</span> 
     </span>
    </p>

    <p class='ocr_par' dir='ltr' id='par_1_4' title="bbox 254 3106 1315 4005">
     <span class='ocr_line' id='line_1_26' title="bbox 317 3106 1312 3201; baseline 0.004 -16"><span class='ocrx_word' id='word_1_178' title='bbox 317 3110 482 3190; x_wconf 87' lang='lat' dir='ltr'>Similiter</span> <span class='ocrx_word' id='word_1_179' title='bbox 505 3106 663 3201; x_wconf 84' lang='lat' dir='ltr'>quivult</span> <span class='ocrx_word' id='word_1_180' title='bbox 692 3106 797 3183; x_wconf 83' lang='lat' dir='ltr'>furari</span> <span class='ocrx_word' id='word_1_181' title='bbox 814 3156 824 3190; x_wconf 91' lang='lat'>,</span> <span class='ocrx_word' id='word_1_182' title='bbox 843 3108 880 3185; x_wconf 84' lang='lat'>&amp;</span> <span class='ocrx_word' id='word_1_183' title='bbox 908 3129 947 3182; x_wconf 86' lang='lat' dir='ltr'>ea</span> <span class='ocrx_word' id='word_1_184' title='bbox 970 3108 1152 3187; x_wconf 87' lang='lat' dir='ltr'>voluntate</span> <span class='ocrx_word' id='word_1_185' title='bbox 1179 3133 1312 3188; x_wconf 87' lang='lat' dir='ltr'>conce·</span> 
     </span>
     <span class='ocr_line' id='line_1_27' title="bbox 266 3207 1312 3311; baseline -0.002 -25"><span class='ocrx_word' id='word_1_186' title='bbox 266 3226 349 3311; x_wconf 88' lang='lat' dir='ltr'>pta,</span> <span class='ocrx_word' id='word_1_187' title='bbox 367 3210 479 3291; x_wconf 78' lang='lat' dir='ltr'>lintinr</span> <span class='ocrx_word' id='word_1_188' title='bbox 502 3211 566 3282; x_wconf 86' lang='lat' dir='ltr'>iter</span> <span class='ocrx_word' id='word_1_189' title='bbox 584 3207 749 3293; x_wconf 84' lang='lat' dir='ltr'>coniicit,</span> <span class='ocrx_word' id='word_1_190' title='bbox 773 3207 896 3283; x_wconf 83' lang='lat' dir='ltr'>scalam</span> <span class='ocrx_word' id='word_1_191' title='bbox 913 3208 1083 3284; x_wconf 83' lang='lat' dir='ltr'>admouet</span> <span class='ocrx_word' id='word_1_192' title='bbox 1100 3259 1110 3291; x_wconf 86' lang='lat'>,</span> <span class='ocrx_word' id='word_1_193' title='bbox 1129 3234 1205 3287; x_wconf 89' lang='lat' dir='ltr'>eam</span> <span class='ocrx_word' id='word_1_194' title='bbox 1223 3234 1312 3288; x_wconf 89' lang='lat' dir='ltr'>con·</span> 
     </span>
     <span class='ocr_line' id='line_1_28' title="bbox 254 3308 1310 3406; baseline -0.005 -17"><span class='ocrx_word' id='word_1_195' title='bbox 254 3308 426 3394; x_wconf 78' lang='lat' dir='ltr'>scandit,</span> <span class='ocrx_word' id='word_1_196' title='bbox 450 3309 602 3388; x_wconf 90' lang='lat' dir='ltr'>domum</span> <span class='ocrx_word' id='word_1_197' title='bbox 622 3308 818 3405; x_wconf 86' lang='lat' dir='ltr'>ingreditur</span> <span class='ocrx_word' id='word_1_198' title='bbox 835 3362 845 3391; x_wconf 87' lang='lat'>,</span> <span class='ocrx_word' id='word_1_199' title='bbox 862 3329 977 3384; x_wconf 85' lang='lat' dir='ltr'>arcam</span> <span class='ocrx_word' id='word_1_200' title='bbox 1000 3308 1191 3396; x_wconf 76' lang='lat' dir='ltr'>scrutatur,</span> <span class='ocrx_word' id='word_1_201' title='bbox 1209 3310 1310 3406; x_wconf 86' lang='lat' dir='ltr'>quod</span> 
     </span>
     <span class='ocr_line' id='line_1_29' title="bbox 265 3408 1311 3501; baseline -0.004 -14"><span class='ocrx_word' id='word_1_202' title='bbox 265 3410 423 3494; x_wconf 84' lang='lat' dir='ltr'>inuenit,</span> <span class='ocrx_word' id='word_1_203' title='bbox 446 3408 609 3489; x_wconf 86' lang='lat' dir='ltr'>iuratur,</span> <span class='ocrx_word' id='word_1_204' title='bbox 629 3431 740 3484; x_wconf 90' lang='lat' dir='ltr'>rmum</span> <span class='ocrx_word' id='word_1_205' title='bbox 763 3429 914 3485; x_wconf 88' lang='lat' dir='ltr'>numero</span> <span class='ocrx_word' id='word_1_206' title='bbox 940 3425 1125 3501; x_wconf 86' lang='lat' dir='ltr'>peccatum</span> <span class='ocrx_word' id='word_1_207' title='bbox 1153 3410 1311 3486; x_wconf 81' lang='lat' dir='ltr'>censetur</span> 
     </span>
     <span class='ocr_line' id='line_1_30' title="bbox 267 3503 1312 3591; baseline -0.001 -7"><span class='ocrx_word' id='word_1_208' title='bbox 267 3503 501 3591; x_wconf 78' lang='lat' dir='ltr'>commisisse,</span> <span class='ocrx_word' id='word_1_209' title='bbox 521 3513 625 3589; x_wconf 85' lang='lat' dir='ltr'>etiam</span> <span class='ocrx_word' id='word_1_210' title='bbox 654 3506 679 3588; x_wconf 77' lang='lat' dir='ltr'>st</span> <span class='ocrx_word' id='word_1_211' title='bbox 704 3508 924 3584; x_wconf 83' lang='lat' dir='ltr'>voluntatem</span> <span class='ocrx_word' id='word_1_212' title='bbox 947 3503 1085 3584; x_wconf 77' lang='lat' dir='ltr'>furandi</span> <span class='ocrx_word' id='word_1_213' title='bbox 1105 3511 1140 3583; x_wconf 93' lang='lat' dir='ltr'>in</span> <span class='ocrx_word' id='word_1_214' title='bbox 1161 3526 1238 3588; x_wconf 87' lang='lat' dir='ltr'>tora</span> <span class='ocrx_word' id='word_1_215' title='bbox 1255 3508 1312 3584; x_wconf 86' lang='lat' dir='ltr'>illa</span> 
     </span>
     <span class='ocr_line' id='line_1_31' title="bbox 266 3606 1314 3701; baseline 0 -13"><span class='ocrx_word' id='word_1_216' title='bbox 266 3610 449 3692; x_wconf 70' lang='lat' dir='ltr'>elisionum</span> <span class='ocrx_word' id='word_1_217' title='bbox 477 3606 559 3682; x_wconf 87' lang='lat' dir='ltr'>serie</span> <span class='ocrx_word' id='word_1_218' title='bbox 585 3606 706 3701; x_wconf 80' lang='lat' dir='ltr'>l&#39;aepiua</span> <span class='ocrx_word' id='word_1_219' title='bbox 729 3610 897 3684; x_wconf 73' lang='lat' dir='ltr'>iteravit,</span> <span class='ocrx_word' id='word_1_220' title='bbox 925 3612 1007 3701; x_wconf 86' lang='lat' dir='ltr'>quia</span> <span class='ocrx_word' id='word_1_221' title='bbox 1032 3607 1232 3686; x_wconf 76' lang='lat' dir='ltr'>volitionee&#39;</span> <span class='ocrx_word' id='word_1_222' title='bbox 1247 3609 1314 3688; x_wconf 79' lang='lat' dir='ltr'>illae</span> 
     </span>
     <span class='ocr_line' id='line_1_32' title="bbox 268 3707 1313 3807; baseline -0.001 -24"><span class='ocrx_word' id='word_1_223' title='bbox 268 3707 413 3806; x_wconf 79' lang='lat' dir='ltr'>srngulae</span> <span class='ocrx_word' id='word_1_224' title='bbox 434 3730 525 3783; x_wconf 88' lang='lat' dir='ltr'>unus</span> <span class='ocrx_word' id='word_1_225' title='bbox 545 3707 723 3782; x_wconf 84' lang='lat' dir='ltr'>moraliter</span> <span class='ocrx_word' id='word_1_226' title='bbox 738 3707 832 3784; x_wconf 80' lang='lat' dir='ltr'>anus</span> <span class='ocrx_word' id='word_1_227' title='bbox 857 3707 1121 3786; x_wconf 85' lang='lat' dir='ltr'>existimantur,</span> <span class='ocrx_word' id='word_1_228' title='bbox 1139 3732 1222 3786; x_wconf 88' lang='lat' dir='ltr'>cum</span> <span class='ocrx_word' id='word_1_229' title='bbox 1243 3710 1313 3807; x_wconf 90' lang='lat' dir='ltr'>pri·</span> 
     </span>
     <span class='ocr_line' id='line_1_33' title="bbox 267 3805 1315 3902; baseline -0.001 -17"><span class='ocrx_word' id='word_1_230' title='bbox 267 3832 325 3885; x_wconf 87' lang='lat' dir='ltr'>ma</span> <span class='ocrx_word' id='word_1_231' title='bbox 353 3808 437 3886; x_wconf 86' lang='lat' dir='ltr'>furti</span> <span class='ocrx_word' id='word_1_232' title='bbox 458 3806 621 3886; x_wconf 83' lang='lat' dir='ltr'>voluntas</span> <span class='ocrx_word' id='word_1_233' title='bbox 646 3829 720 3882; x_wconf 91' lang='lat' dir='ltr'>non</span> <span class='ocrx_word' id='word_1_234' title='bbox 747 3805 787 3881; x_wconf 89' lang='lat' dir='ltr'>lit</span> <span class='ocrx_word' id='word_1_235' title='bbox 809 3806 990 3884; x_wconf 86' lang='lat' dir='ltr'>moraliter</span> <span class='ocrx_word' id='word_1_236' title='bbox 1011 3811 1232 3902; x_wconf 83' lang='lat' dir='ltr'>interrupta,</span> <span class='ocrx_word' id='word_1_237' title='bbox 1255 3805 1315 3884; x_wconf 85' lang='lat' dir='ltr'>sed</span> 
     </span>
     <span class='ocr_line' id='line_1_34' title="bbox 267 3904 1185 4005; baseline -0.007 -21"><span class='ocrx_word' id='word_1_238' title='bbox 267 3910 304 3991; x_wconf 89' lang='lat' dir='ltr'>in</span> <span class='ocrx_word' id='word_1_239' title='bbox 325 3909 495 3988; x_wconf 79' lang='lat' dir='ltr'>omnibus</span> <span class='ocrx_word' id='word_1_240' title='bbox 523 3905 586 3980; x_wconf 86' lang='lat' dir='ltr'>illis</span> <span class='ocrx_word' id='word_1_241' title='bbox 613 3905 809 3983; x_wconf 78' lang='lat' dir='ltr'>nilionibur</span> <span class='ocrx_word' id='word_1_242' title='bbox 831 3909 961 4005; x_wconf 84' lang='lat' dir='ltr'>virture</span> <span class='ocrx_word' id='word_1_243' title='bbox 981 3904 1185 4001; x_wconf 78' lang='lat' dir='ltr'>perseueret.</span> 
     </span>
    </p>

    <p class='ocr_par' dir='ltr' id='par_1_5' title="bbox 268 4005 1327 4679">
     <span class='ocr_line' id='line_1_35' title="bbox 323 4005 1316 4103; baseline -0.007 -19"><span class='ocrx_word' id='word_1_244' title='bbox 323 4006 379 4086; x_wconf 88' lang='lat' dir='ltr'>Sic</span> <span class='ocrx_word' id='word_1_245' title='bbox 400 4008 505 4080; x_wconf 88' lang='lat' dir='ltr'>etiam</span> <span class='ocrx_word' id='word_1_246' title='bbox 525 4006 643 4103; x_wconf 88' lang='lat' dir='ltr'>plures</span> <span class='ocrx_word' id='word_1_247' title='bbox 669 4005 763 4083; x_wconf 75' lang='lat' dir='ltr'>allus</span> <span class='ocrx_word' id='word_1_248' title='bbox 783 4027 829 4081; x_wconf 87' lang='lat' dir='ltr'>ex</span> <span class='ocrx_word' id='word_1_249' title='bbox 852 4005 1007 4102; x_wconf 87' lang='lat' dir='ltr'>ejusdem</span> <span class='ocrx_word' id='word_1_250' title='bbox 1032 4011 1168 4103; x_wconf 86' lang='lat' dir='ltr'>peccati</span> <span class='ocrx_word' id='word_1_251' title='bbox 1186 4008 1316 4083; x_wconf 84' lang='lat' dir='ltr'>volun·</span> 
     </span>
     <span class='ocr_line' id='line_1_36' title="bbox 269 4103 1315 4202; baseline 0.002 -23"><span class='ocrx_word' id='word_1_252' title='bbox 269 4118 340 4192; x_wconf 81' lang='lat' dir='ltr'>tate</span> <span class='ocrx_word' id='word_1_253' title='bbox 359 4103 651 4202; x_wconf 64' lang='lat' dir='ltr'>tarentinaeque</span> <span class='ocrx_word' id='word_1_254' title='bbox 671 4105 714 4180; x_wconf 87' lang='lat' dir='ltr'>ad</span> <span class='ocrx_word' id='word_1_255' title='bbox 737 4104 827 4181; x_wconf 87' lang='lat' dir='ltr'>illius</span> <span class='ocrx_word' id='word_1_256' title='bbox 849 4104 1196 4182; x_wconf 86' lang='lat' dir='ltr'>consummationem</span> <span class='ocrx_word' id='word_1_257' title='bbox 1219 4107 1315 4181; x_wconf 84' lang='lat' dir='ltr'>ordi·</span> 
     </span>
     <span class='ocr_line' id='line_1_37' title="bbox 268 4204 1319 4301; baseline -0.006 -20"><span class='ocrx_word' id='word_1_258' title='bbox 268 4206 363 4289; x_wconf 85' lang='lat' dir='ltr'>nari,</span> <span class='ocrx_word' id='word_1_259' title='bbox 381 4204 425 4283; x_wconf 82' lang='lat' dir='ltr'>nd</span> <span class='ocrx_word' id='word_1_260' title='bbox 447 4204 534 4281; x_wconf 88' lang='lat' dir='ltr'>illud</span> <span class='ocrx_word' id='word_1_261' title='bbox 549 4207 716 4301; x_wconf 86' lang='lat' dir='ltr'>proxime</span> <span class='ocrx_word' id='word_1_262' title='bbox 735 4205 964 4299; x_wconf 84' lang='lat' dir='ltr'>disponentes</span> <span class='ocrx_word' id='word_1_263' title='bbox 977 4206 1036 4288; x_wconf 76' lang='lat' dir='ltr'>,dr</span> <span class='ocrx_word' id='word_1_264' title='bbox 1062 4229 1145 4282; x_wconf 86' lang='lat' dir='ltr'>cunr</span> <span class='ocrx_word' id='word_1_265' title='bbox 1167 4229 1213 4280; x_wconf 92' lang='lat' dir='ltr'>eo</span> <span class='ocrx_word' id='word_1_266' title='bbox 1227 4227 1319 4280; x_wconf 75' lang='lat' dir='ltr'>con·</span> 
     </span>
     <span class='ocr_line' id='line_1_38' title="bbox 268 4298 1322 4400; baseline -0.002 -23"><span class='ocrx_word' id='word_1_267' title='bbox 268 4305 375 4387; x_wconf 82' lang='lat' dir='ltr'>nexi,</span> <span class='ocrx_word' id='word_1_268' title='bbox 401 4327 513 4381; x_wconf 89' lang='lat' dir='ltr'>unum</span> <span class='ocrx_word' id='word_1_269' title='bbox 545 4320 734 4400; x_wconf 87' lang='lat' dir='ltr'>peccatum</span> <span class='ocrx_word' id='word_1_270' title='bbox 766 4327 844 4381; x_wconf 90' lang='lat' dir='ltr'>non</span> <span class='ocrx_word' id='word_1_271' title='bbox 873 4303 987 4399; x_wconf 84' lang='lat' dir='ltr'>specie</span> <span class='ocrx_word' id='word_1_272' title='bbox 1022 4303 1225 4389; x_wconf 83' lang='lat' dir='ltr'>duntaxat,</span> <span class='ocrx_word' id='word_1_273' title='bbox 1261 4298 1322 4376; x_wconf 86' lang='lat' dir='ltr'>led</span> 
     </span>
     <span class='ocr_line' id='line_1_39' title="bbox 268 4402 1322 4501; baseline -0.007 -17"><span class='ocrx_word' id='word_1_274' title='bbox 268 4424 422 4484; x_wconf 89' lang='lat' dir='ltr'>numero</span> <span class='ocrx_word' id='word_1_275' title='bbox 441 4403 674 4481; x_wconf 87' lang='lat' dir='ltr'>constituunt,</span> <span class='ocrx_word' id='word_1_276' title='bbox 700 4403 776 4499; x_wconf 87' lang='lat' dir='ltr'>Qui</span> <span class='ocrx_word' id='word_1_277' title='bbox 800 4428 821 4480; x_wconf 88' lang='lat' dir='ltr'><strong>v</strong></span> <span class='ocrx_word' id='word_1_278' title='bbox 853 4427 908 4499; x_wconf 83' lang='lat' dir='ltr'>gt.</span> <span class='ocrx_word' id='word_1_279' title='bbox 933 4420 1015 4480; x_wconf 84' lang='lat' dir='ltr'>curn</span> <span class='ocrx_word' id='word_1_280' title='bbox 1034 4404 1147 4501; x_wconf 79' lang='lat' dir='ltr'>aliqua</span> <span class='ocrx_word' id='word_1_281' title='bbox 1174 4402 1322 4479; x_wconf 85' lang='lat' dir='ltr'>muliere</span> 
     </span>
     <span class='ocr_line' id='line_1_40' title="bbox 269 4501 1327 4679; baseline -0.014 -93"><span class='ocrx_word' id='word_1_282' title='bbox 269 4504 438 4593; x_wconf 76' lang='lat' dir='ltr'>fornicari</span> <span class='ocrx_word' id='word_1_283' title='bbox 461 4502 668 4586; x_wconf 73' lang='lat' dir='ltr'>constituit,</span> <span class='ocrx_word' id='word_1_284' title='bbox 688 4520 803 4679; x_wconf 52' lang='lat' dir='ltr'>utquIe&#39;</span> <span class='ocrx_word' id='word_1_285' title='bbox 827 4505 977 4580; x_wconf 87' lang='lat' dir='ltr'>adeum</span> <span class='ocrx_word' id='word_1_286' title='bbox 1000 4505 1185 4603; x_wconf 77' lang='lat' dir='ltr'>explendo</span> <span class='ocrx_word' id='word_1_287' title='bbox 1210 4501 1327 4577; x_wconf 77' lang='lat' dir='ltr'>libidi-</span> 
     </span>
    </p>

    <p class='ocr_par' dir='ltr' id='par_1_6' title="bbox 830 4623 1305 4698">
     <span class='ocr_line' id='line_1_41' title="bbox 830 4623 1305 4698; baseline -0.002 0"><span class='ocrx_word' id='word_1_288' title='bbox 830 4623 901 4698; x_wconf 67' lang='grc' dir='ltr'>Ν</span> <span class='ocrx_word' id='word_1_289' title='bbox 1246 4623 1305 4680; x_wconf 67' lang='lat'>¹1⁵⁸</span> 
     </span>
    </p>
   </div>
   <div class='ocr_carea' id='block_1_3' title="bbox 0 0 1871 5425">
    <p class='ocr_par' dir='ltr' id='par_1_7' title="bbox 0 0 1871 5425">
     <span class='ocr_line' id='line_1_42' title="bbox 0 0 1871 5425; baseline 0 0"><span class='ocrx_word' id='word_1_290' title='bbox 0 0 1871 5425; x_wconf 95' lang='lat' dir='ltr'> </span> 
     </span>
    </p>
   </div>
  </div>
 </body>
</html>
