3700 5425
460 526 466 539 Ι
560 588 650 680 με
762 571 919 665 Theol.
943 574 1058 684 Dog.
1080 571 1289 669 &bloral
1307 572 1399 666 Lib.
1415 572 1497 672 Ill

572 746 723 821 arbitror
746 741 952 829 necellaria,
978 746 1185 825 charitatem
1208 749 1243 823 in
1272 748 1492 825 intentione,
1516 748 1551 827 dt
1581 753 1621 829 io

573 845 742 920 eletlione
757 853 953 921 veritatem.
976 845 1070 923 Nam
1094 845 1117 921 st
1144 850 1282 924 bouum
1303 849 1448 945 quidem
1472 849 1618 943 diligat,

572 943 629 1019 [εά
663 967 786 1045 verum
809 967 884 1019 non
911 945 1043 1042 eligat.
1073 945 1178 1022 babet
1209 949 1355 1042 quidem
1386 947 1504 1022 zelum
1527 946 1624 1043 Dei,

573 1042 726 1118 sednon
749 1042 943 1122 secuudum
967 1047 1164 1138 l'cienrinua;
1188 1047 1224 1121 de
1243 1047 1359 1122 nescio
1382 1047 1622 1144 quemadmo-

573 1142 662 1219 dum
683 1134 823 1237 iudicio
851 1150 1006 1221 veritatis
1031 1165 1110 1220 vera
1131 1143 1198 1220 elle
1226 1145 1329 1243 pollrt
1360 1168 1443 1222 cum
1467 1146 1618 1225 fallitura

574 1240 788 1337 implicitas.
817 1241 954 1319 Volens
974 1247 1128 1343 denique
1147 1246 1190 1320 ad
1215 1270 1331 1322 veram
1355 1245 1544 1342 discipulos
1564 1250 1622 1322 in-

371 1321 485 1390 Mill·
499 1338 545 1388 ¹⁶·
574 1342 703 1419 struere
717 1339 972 1440 fimpliciratem
992 1344 1151 1441 magistra
1165 1350 1314 1421 veritas:
1333 1339 1462 1424 Estote,
1479 1347 1620 1445 inquit,

373 1405 419 1513 ’,ἐξ
530 1530 536 1536 -
571 1446 744 1535 prudentes
771 1442 856 1531 licet
883 1442 1071 1535 serpentes,
1091 1445 1134 1515 (e
1157 1443 1314 1539 [implicet
1345 1442 1430 1531 fient
1455 1443 1622 1516 columbe,

573 1537 743 1618 Premilrt
771 1565 860 1640 ergo
880 1544 1130 1640 prudentiam,
1156 1542 1226 1621 line
1245 1569 1314 1643 qua
1343 1546 1522 1620 neminem
1540 1544 1620 1622 satie

573 1638 641 1717 elle
660 1638 757 1738 polle
777 1640 970 1736 simplicem
993 1643 1104 1724 sciret.
1133 1642 1517 1741 Quomodo-denique
1534 1668 1618 1723 vere

572 1739 720 1836 simplex
751 1745 814 1818 erit
843 1745 968 1819 oculus
999 1766 1084 1820 cum
1109 1747 1308 1839 ignorantia
1339 1743 1524 1824 veritatis?
1546 1749 1619 1822 Aut

573 1863 662 1916 vero
701 1864 781 1916 vera
820 1843 936 1939 potest
964 1843 1033 1919 dici
1074 1841 1301 1942 implicitas,
1330 1865 1438 1941 quarn
1467 1842 1618 1942 fimplex

465 1935 488 1984 ¹·
510 1931 557 1990 14·
574 1942 719 2037 ignorat
749 1943 898 2018 veritas?
922 1945 1102 2037 Scriptum
1125 1948 1174 2018 est
1196 1949 1317 2018 enim:
1338 1948 1496 2036 Ignorans
1523 1947 1619 2036 igno.

573 2036 717 2109 rabitur.
755 2038 854 2116 Patet
877 2066 966 2139 ergo
1001 2044 1209 2119 laudabilem
1241 2045 1363 2123 illam,
1389 2043 1426 2117 &
1448 2039 1617 2120 Domino

572 2137 748 2216 laudatam
773 2139 1027 2237 simplicitatem
1051 2142 1177 2242 absque
1199 2143 1253 2217 his
1276 2145 1417 2220 duobus
1446 2164 1521 2218 non
1548 2140 1619 2219 elle

572 2241 699 2322 bonis,
720 2241 985 2320 benevolentia,
1006 2255 1113 2341 atque
1131 2246 1336 2338 prudentia,
1363 2256 1403 2317 ut
1424 2240 1551 2319 oculus
1565 2245 1618 2319 vi·

574 2339 703 2418 delicet
728 2342 872 2426 cordis,
895 2365 971 2417 non
996 2341 1108 2417 solum
1136 2347 1240 2439 pius,
1269 2343 1330 2436 qui
1356 2341 1473 2418 lallere
1496 2341 1616 2437 nolit3

574 2438 632 2515 [εά
656 2442 692 2516 &
713 2454 836 2516 cautus
857 2439 897 2515 [ιι
919 2487 930 2518 ,
951 2442 1012 2537 qui
1039 2438 1107 2515 falli
1135 2464 1210 2517 non
1235 2438 1340 2536 polire
1365 2496 1388 2532 „
1405 2493 1437 2533 „.

374 2522 562 2662 gffifmitlff·
625 2544 657 2610 S.
674 2538 1071 2634 Thomas,Quodlibeto
1095 2531 1130 2621 8.
1163 2564 1223 2637 qu.
1240 2537 1276 2611 6.
1304 2556 1430 2631 arte—3,
1450 2539 1617 2618 eamdem

369 2621 442 2738 ὡς’
461 2694 479 2737 a
504 2674 535 2742 s,
577 2637 750 2735 Regulam
773 2638 963 2716 confirmat
988 2642 1048 2716 ubi
1071 2641 1242 2736 expendit
1264 2692 1275 2727 ,
1295 2663 1340 2716 an
1364 2640 1465 2715 liceat
1488 2638 1619 2720 habere

362 2745 491 2812 ¹'ibone
575 2739 693 2837 plures
713 2740 916 2838 praebendae
931 2787 940 2816 ,
954 2737 1231 2818 dillentientibus
1248 2743 1493 2838 opiniorribrre
1503 2746 1620 2837 magi·

371 2821 534 2893 mill*
573 2841 740 2916 strorum·
762 2897 783 2930 ,‚
797 2897 818 2931 ‚‚
839 2838 1000 2925 Autille,
1022 2844 1149 2934 inquit,
1167 2843 1227 2937 qui
1243 2841 1616 2937 facircontraoprnio·

572 2962 657 3015 nem
684 2941 956 3036 magistrorum,
974 2939 1138 3016 habendo
1152 2942 1268 3032 plures
1287 2943 1509 3036 praebendas,
1531 2940 1615 3018 facit

571 3059 697 3116 contra
715 3063 834 3136 veram
852 3042 1062 3136 opinionem
1077 3062 1086 3122 3
1099 3047 1133 3111 de
1147 3040 1287 3118 srccurn
1305 3039 1407 3115 faciat
1419 3056 1545 3116 contra
1564 3043 1615 3116 le·

568 3163 655 3239 gem
671 3140 849 3224 Dei,non
862 3138 1047 3216 excusatur
1071 3163 1090 3214 a
1119 3159 1276 3238 peccato.
1309 3141 1381 3216 Aut
1402 3140 1456 3212 illo
1483 3142 1612 3233 opinio

568 3242 708 3315 nonest
726 3264 804 3314 vera
817 3290 825 3320 ,
836 3238 892 3314 [εά
908 3244 1019 3334 magis
1032 3243 1226 3332 contraria3
1240 3243 1274 3313 de
1288 3255 1374 3316 tunc
1392 3238 1614 3334 distinguen-

567 3341 655 3415 dum
671 3340 740 3419 elit
755 3343 835 3435 quia
862 3353 922 3414 aut
948 3338 1021 3414 talia
1049 3339 1153 3415 habet
1181 3337 1432 3414 conscientiam
1452 3339 1496 3412 de
1517 3361 1611 3414 con·

566 3441 744 3522 trario‚&
766 3437 813 3513 irc
838 3442 965 3513 iterum
980 3456 1104 3535 peccat
1127 3458 1252 3514 contra
1279 3437 1530 3514 conscientiam
1560 3437 1613 3514 fa·

565 3540 685 3623 ciens,
716 3541 875 3634 quamvis
900 3561 976 3612 non
1007 3556 1131 3614 contra
1155 3539 1292 3635 legcm3
1315 3552 1375 3613 aut
1399 3561 1472 3611 non
1503 3537 1611 3615 habet

565 3640 817 3712 conicientium
839 3641 883 3710 de
906 3636 1177 3716 contrario,led
1197 3638 1444 3713 certitudinem
1458 3663 1467 3717 ς
1481 3634 1537 3713 [εά
1558 3658 1609 3714 ra·

564 3758 647 3811 rnen
673 3740 706 3811 in
732 3738 920 3831 quamdam
955 3738 1211 3813 dubitationem
1246 3736 1423 3813 inducitur
1449 3760 1495 3811 ex
1518 3762 1611 3810 con-

563 3838 737 3910 trarietate
761 3840 976 3932 opinionum
993 3841 1052 3928 5&
1078 3837 1123 3912 lic
1150 3837 1173 3911 [ι
1201 3852 1366 3911 manente
1383 3838 1439 3912 tali
1466 3837 1610 3912 dubita·

563 3937 663 4009 tione
675 3937 789 4030 plures
805 3938 1008 4021 praebendas
1022 3938 1147 4019 habet,
1164 3938 1325 4032 periculo
1342 3937 1375 4010 le
1385 3940 1584 4011 committit
1594 3958 1608 4020 ;

562 4034 599 4107 u
613 4034 658 4109 [ιε
671 4038 910 4133 proculdubio
929 4052 1053 4133 peccat
1066 4059 1077 4128 ;
1091 4038 1337 4135 utpotemagis
1361 4057 1480 4111 amant
1497 4036 1609 4111 bene·

559 4133 681 4210 licium
703 4137 918 4230 temporale,
934 4158 1041 4233 quant
1071 4142 1252 4229 propriam
1272 4136 1438 4210 salutem,
1462 4136 1555 4224 uc„
1570 4182 1605 4228 ,,.

559 4232 633 4325 Qui
655 4257 766 4331 porro
792 4235 945 4332 sequitur
966 4239 1176 4331 opinionem
1208 4241 1324 4311 minus
1348 4234 1601 4329 probabilem,

556 4355 636 4428 quae
650 4334 819 4416 libertati,
841 4336 875 4411 de
898 4337 1081 4430 cupiditati
1105 4336 1197 4409 favet
1217 4350 1341 4409 contra
1364 4334 1502 4431 legem,
1523 4334 1608 4409 reli·

554 4433 970 4532 <reproborumque
991 4435 1083 4508 fovet
1103 4436 1172 4530 legi
1193 4452 1318 4509 contra
1331 4436 1547 4518 libertatem,
1563 4434 1604 4510 dt

552 4534 805 4627 cupiditatem,
820 4533 904 4611 facit
917 4549 1174 4614 contraierant
1195 4538 1427 4634 opinionem,
1449 4534 1486 4609 de
1510 4555 1605 4611 con·

1354 4673 1360 4688 ·
1489 4644 1545 4712 lla

374 1933 400 1979 a.
420 1913 464 1979 Co

374 2002 421 2070 ll,
