3700 5425
483 387 553 478 ,μ
673 357 830 458 Theoi.
854 355 970 476 θος.
991 362 1033 454 tr
1054 359 1205 459 illotas.
1224 349 1316 458 tn
1337 351 1399 464 lli

496 577 559 628 „n
585 533 702 615 Nimis
714 534 901 634 indignum
915 539 965 614 est
985 537 1111 633 (juxta
1124 536 1298 635 legitimas
1311 530 1549 639 tentriones)

496 655 540 716 ut
562 638 664 737 quod
689 638 747 714 sua
766 636 913 735 quisque
937 660 1029 715 voce
1052 636 1207 714 dilucide
1228 642 1440 735 protestatur
1472 646 1543 731 eli.

450 731 535 915 ,gn
568 731 737 814 eumdem
772 734 890 813 casum
924 739 1075 835 proprio
1107 734 1219 817 valeat
1251 734 1455 819 testimonio
1492 747 1550 820 in·

524 859 637 915 smflse
662 892 687 925 ,2
702 882 736 921 r,-

548 937 647 1013 ldem
664 924 854 1014 confirmat
871 940 904 1008 s.
915 924 979 1018 rt.
1000 930 1083 1028 int.
1099 940 1241 1015 tentent.
1270 928 1346 1016 dili·
1359 946 1417 1035 27.
1437 964 1499 1040 qu.
1516 960 1553 1019 t.

494 1050 560 1114 brt·
577 1047 613 1118 b.
637 1039 804 1133 quaestup
832 1036 877 1112 ad
896 1057 930 1113 a·
955 1078 1017 1123 n»
1044 1041 1081 1111 bi
1103 1032 1262 1132 (inquit)
1290 1038 1378 1116 defit
1393 1042 1549 1119 conseb-

495 1136 553 1213 l'ur
574 1138 734 1213 mentalis
748 1161 793 1214 ex
817 1153 916 1234 parte
935 1140 1058 1221 unius,
1080 1158 1125 1213 ex
1147 1153 1270 1214 neutra
1289 1156 1389 1233 parte
1403 1141 1454 1218 est
1470 1158 1549 1220 ma.

496 1238 737 1336 trimonium3
761 1242 842 1335 quia
876 1240 1143 1314 matrimonium
1177 1237 1334 1332 consistit
1359 1242 1394 1314 in
1421 1261 1547 1321 mutua

497 1336 773 1429 contunsiione3
788 1352 906 1413 tamen
935 1338 1162 1432 probabiliter
1179 1339 1297 1436 potest
1320 1337 1416 1415 credi
1440 1341 1547 1419 dolue

498 1454 575 1511 non
595 1433 683 1521 elle,
708 1435 769 1512 nist
802 1436 895 1531 figor
920 1438 1097 1512 evidentia
1127 1436 1204 1513 doli
1227 1454 1443 1532 appareant,
1463 1446 1548 1538 quia

498 1533 546 1611 da
567 1536 728 1633 quolibet
752 1536 802 1612 est
826 1536 1107 1633 presumendum
1128 1537 1295 1616 bouum,
1320 1536 1383 1612 uisr
1411 1545 1547 1633 probe·

429 1729 432 1734 .
500 1654 560 1711 tut
578 1639 807 1712 contrarium.
833 1633 941 1713 Unde
963 1634 1102 1723 ille,ex
1117 1638 1220 1730 nujus
1234 1654 1333 1735 parte
1347 1635 1451 1714 dolus
1469 1664 1562 1720 non·

499 1734 615 1821 eum
642 1753 792 1833 peceato
811 1735 996 1813 excusatur
1026 1757 1090 1835 per
1115 1737 1353 1835 ignorantiam
1375 1779 1458 1825 22222
1508 1769 1513 1776 ·

788 1908 1247 2003 Raoutuvt

500 2023 699 2163 mulsoue
717 2094 763 2159 'eli
792 2094 892 2160 metu
912 2081 1013 2180 gruel
1030 2123 1041 2158 ‚
1061 2081 1098 2157 tr
1119 2082 1153 2156 io
1181 2083 1296 2160 vlrunl
1318 2072 1542 2161 constantem

498 2216 504 2224 ·
550 2185 725 2269 cadente,
744 2182 787 2258 ad
821 2182 1039 2259 matrimonii
1068 2180 1271 2259 firmitatem
1299 2203 1374 2258 non
1399 2177 1547 2277 sufficitt

551 2283 675 2360 sedita
699 2276 948 2368 contractum,
972 2276 1134 2367 nullum.
1165 2283 1202 2358 dr
1225 2283 1365 2359 irritum
1383 2280 1442 2358 eli.

267 2511 276 2524 ,
295 2469 345 2541 Β,
362 2472 482 2541 msm.
500 2432 808 2626 Heiimlsefibla
833 2437 981 2517 traditur
1007 2436 1052 2516 ab
1087 2441 1277 2512 Alexandro
1290 2441 1361 2512 ΙΙΙ.
1394 2443 1475 2510 Cum
1495 2437 1544 2509 lo-

295 2545 330 2615 su
349 2572 388 2617 ex
402 2563 485 2618 mero
753 2554 805 2616 xo
833 2543 888 2610 De
918 2534 1146 2631 «sponsalibus,
1161 2540 1407 2619 Marmoreum,
1441 2542 1544 2634 cujus

294 2632 388 2713 5¹¹⁵·
498 2640 577 2719 haec
602 2639 682 2718 suot
703 2640 837 2717 verbat
859 2683 884 2718 η
902 2683 928 2727 μ
955 2632 1049 2719 Cum
1074 2639 1198 2719 locum
1211 2661 1287 2717 non
1308 2639 1433 2717 habeat
1454 2637 1547 2715 eon·

497 2740 634 2824 sensus,
654 2741 715 2819 ubi
738 2758 878 2826 merua,
903 2739 958 2814 rel
990 2740 1128 2818 coatlio
1153 2740 1373 2827 intercedit,
1409 2736 1545 2816 necesse

497 2842 571 2924 est,
594 2854 636 2918 ut
654 2841 703 2918 ibi
724 2837 870 2916 assensor
892 2841 1072 2934 cujusdam
1102 2843 1291 2940 requiritur
1316 2888 1326 2927 ,
1348 2839 1541 2938 ooatiionie

498 2945 643 3018 materia
668 2939 866 3038 repeilatur.
902 2939 1180 3019 Matrimonium
1201 2955 1324 3018 nutem
1356 2940 1432 3016 solo
1451 2961 1544 3015 ton·

497 3041 595 3120 sensu
612 3040 909 3135 contrahitun&
932 3043 1051 3118 ubido
1070 3041 1146 3140 ipso
1160 3048 1347 3138 queritur,
1367 3041 1469 3136 plena
1482 3039 1545 3113 de·

498 3144 560 3219 bet
581 3140 761 3219 securitate
786 3138 844 3215 ille
866 3141 1022 3235 gaudere
1042 3196 1053 3228 ,
1077 3144 1178 3237 cujus
1198 3141 1246 3215 eli
1278 3141 1415 3214 animur
1441 3140 1542 3213 inda·

496 3244 662 3337 gnudus,
684 3263 729 3315 ne
755 3262 818 3333 per
846 3243 1013 3316 timorem
1043 3240 1139 3316 dicat
1166 3236 1229 3314 ilbi
1258 3235 1543 3336 placeretquod
1593 3310 1601 3339 ‚

496 3341 601 3419 odit,
619 3341 656 3416 dr
678 3339 844 3436 sequatur
863 3343 980 3417 exitus
996 3389 1007 3422 ,
1026 3342 1088 3436 qui
1109 3339 1155 3416 de
1171 3339 1288 3415 inritis
1302 3337 1389 3413 solet
1405 3339 1544 3436 -nuptiie

495 3442 696 3534 provenire·
729 3437 911 3527 Quocirca
943 3440 1174 3533 mandantur,
1201 3452 1374 3534 quatenus
1401 3437 1539 3533 puella,

496 3539 543 3613 de
563 3540 663 3634 cujus
688 3537 918 3613 matrimonio
936 3537 1082 3634 quarllio
1103 3536 1320 3614 ventilatur,
1344 3541 1380 3614 in
1401 3536 1540 3633 domo,

496 3638 534 3714 ln
554 3659 625 3728 oua
646 3634 733 3711 nihil
761 3657 838 3711 eam
862 3637 986 3713 timere
1005 3651 1175 3732 oportet,
1196 3636 1301 3712 faorar
1323 3638 1469 3713 honeste
1489 3650 1543 3712 te·

496 3741 598 3819 neri.
619 3732 738 3812 donec
759 3726 920 3830 praedisla
943 3722 1042 3814 causa
1056 3741 1239 3813 terminata
1262 3737 1387 3824 l'uerit,
1401 3739 1446 3812 -dr
1466 3738 1544 3813 sen·

499 3839 610 3912 tentia
635 3833 707 3910 sroe
726 3834 1008 3915 contrudislione
1036 3837 1242 3938 cuiusquam
1275 3838 1388 3914 ralent
1412 3858 1542 3915 execu·

423 3978 430 3990 ·
500 3938 594 4011 tionl
616 3931 774 4010 mandari
799 3981 821 4025 „
840 3947 887 4026 „.‘
1100 3980 1102 3984 -
1424 4026 1426 4031 Ι

379 4047 382 4053 “
552 4030 597 4111 Er
617 4052 696 4129 rap.
726 4032 889 4117 Veniens,
906 4029 953 4108 de
973 4031 1150 4141 oppdum.
1176 4037 1236 4133 qui
1255 4032 1363 4112 fidem
1386 4032 1543 4116 mulierl.

500 4126 568 4209 bus
596 4116 733 4211 duabus
757 4133 1011 4224 obstrinxerat,
1033 4139 1095 4214 uni
1119 4159 1182 4235 per
1204 4141 1309 4212 verba
1332 4140 1377 4213 de
1396 4143 1540 4223 loturo.

460 4246 463 4254 '
500 4234 631 4332 copule
656 4233 908 4331 subsequente,
927 4256 972 4308 ex
992 4258 1063 4335 qua
1089 4235 1207 4332 proles
1234 4234 1387 4336 suscepta
1406 4236 1543 4329 sueratt

356 4338 363 4373 ³
496 4332 598 4413 elteri
617 4348 682 4432 per
698 4335 802 4417 rerba
815 4333 861 4413 de
873 4331 1061 4427 prasenti,
1074 4334 1218 4418 cousins
1239 4354 1373 4436 epatre
1391 4335 1543 4450 puellae,

673 4492 678 4507 .
1429 4454 1494 4533 qur
